2009 3334
464 153 518 231 44
529 206 531 209 ,

348 393 524 459 GARMEN
544 396 629 457 XVI.

96 562 261 627 Gratidiam
272 562 449 641 Tyndaridis
456 571 575 624 matrem
587 564 733 628 Horatius
741 564 891 630 maledicis
962 598 964 602 ·

133 644 260 705 versibas
281 644 469 704 laceraverat.
514 644 658 724 Offirmam
668 646 745 726 filia
763 648 890 710 alimum

130 723 419 863 iffiffimm'
433 725 592 784 iracundia
604 727 797 805 impotentiam
810 746 891 790 maa·

91 969 120 1030 0
133 968 280 1029 MATRE
295 968 415 1046 pulchri
426 969 487 1042 filia
496 967 649 1046 pulchrior,

91 1051 184 1125 Quem
198 1050 354 1108 criminosis
366 1068 476 1126 cunque
488 1049 567 1108 voles
579 1054 694 1111 modum

132 1130 226 1187 Panes
238 1130 340 1188 iambis
353 1147 362 1187 ε
381 1132 441 1188 sive
454 1130 579 1203 flamma,

172 1208 238 1269 Sive
249 1211 321 1267 mari
334 1208 402 1269 libet
418 1210 556 1268 Adriano.

90 1289 157 1349 Non
169 1288 358 1375 Dindflnene,
371 1308 429 1349 non
440 1276 534 1365 {ditis
547 1289 636 1365 quatit

91 1368 219 1429 Mentem
231 1371 408 1428 sacerdotum
420 1367 514 1427 incola
527 1368 655 1447 Pyghius,

113 1444 196 1506 'Non
209 1449 295 1507 Liber
310 1448 403 1525 requi,
415 1467 472 1513 nou
484 1460 568 1508 acuta

171 1527 237 1586 sie*
248 1528 392 1605 geminant
405 1527 582 1615 Corgpantes
595 1550 665 1606 aera,

91 1602 201 1669 Tristes
214 1619 245 1668 ut
256 1609 327 1667 irae:
347 1627 416 1684 quas
429 1620 520 1682 neque
532 1606 652 1669 Noricus

92 1688 224 1748 Deterret
235 1688 320 1763 ensis,
331 1706 384 1747 nec
396 1705 474 1746 mare
485 1688 660 1766 naufragum,
852 1696 892 1749 10

129 1766 192 1828 Neo
204 1785 298 1826 saeros
311 1768 393 1845 iguis,
405 1785 458 1825 nec
469 1769 616 1849 tremendo

167 1847 187 1904 J
188 1867 206 1905 u
228 1848 280 1906 iter
292 1848 354 1925 ipse
366 1865 449 1906 ruens
461 1848 591 1906 tumultu.

89 1926 114 1986 F
116 1936 190 1985 ertur
202 1868 388 1987 irometheus
400 1929 503 1986 addere
516 1929 639 2006 principi

89 2007 174 2065 Limo
186 2005 316 2061 conclusi
328 2005 495 2080 particulam
510 2010 634 2083 undique

128 2083 292 2157 Desectam,
305 2093 333 2141 et
345 2084 436 2140 insani
449 2083 540 2142 leonis
850 2098 887 2149 15

168 2159 237 2221 tim
249 2159 395 2243 stomacho
409 2164 577 2238 apposuisse
588 2176 694 2225 naara.

90 2242 147 2305 Irae
156 2241 303 2323 Thyesten
312 2241 398 2299 exitio
406 2241 487 2318 gravi

90 2323 221 2387 Stravlre
233 2340 244 2398 3
264 2333 293 2382 et
305 2321 368 2381 altis
381 2321 495 2380 urbibus
508 2322 616 2384 ultimae

130 2403 239 2462 Stetere
252 2419 357 2477 causae,
369 2419 420 2462 cur
432 2401 556 2478 perirent

172 2482 322 2562 Funditus,
334 2482 562 2560 imprimeretque
574 2484 661 2542 muris
849 2494 890 2547 20

89 2559 202 2623 Hostile
209 2578 334 2626 aratrum
342 2562 479 2626 exercitus
488 2563 620 2624 insolens.

90 2643 248 2720 Compesce
260 2636 382 2707 meatem
396 2662 406 2718 3
418 2648 472 2702 'me
485 2662 596 2720 quoque
609 2643 731 2722 pectoris

130 2721 265 2783 Tentevit
283 2726 312 2784 in
325 2723 397 2784 dulci
407 2723 528 2799 juventa
634 2784 637 2789 ,

171 2799 289 2882 Ferme,
301 2815 330 2864 et
342 2806 372 2863 in
384 2801 489 2863 celeres
501 2802 611 2862 iambos

155 2960 168 2987 “
185 2957 219 3011 st.
235 2960 315 3013 Bantl.
569 2952 724 3009 reoscaua
739 2960 821 3011 Beati.
