2009 3334
482 181 556 258 206

127 329 228 390 Dicam
241 331 357 407 insigne,
370 350 476 406 recens,
489 334 581 393 adhuc

164 413 301 470 Indietum
315 432 363 469 ore
376 415 440 472 alio.
482 416 546 472 Nun
559 433 637 472 secus
650 415 679 471 in
688 416 764 493 jugis

124 489 397 568 Exsomnnn'stupet
413 496 509 568 Evias,

149 624 152 634 .
165 571 289 630 Hebrum
305 575 485 649 prospiciens,
497 585 525 631 et
539 576 602 631 nive
614 576 760 633 candidum
876 584 915 636 10

123 648 265 727 Thracen,
278 673 310 711 ac
325 657 395 730 pede
409 656 526 711 barbaro
828 663 831 666 ’
918 669 920 672 ’

163 730 320 791 Lustratum
332 733 496 808 Rhodopen.
541 732 581 792 Ut
591 735 658 792 mihi
670 738 752 794 devio

120 808 227 885 Ripasl
239 828 267 870 et
281 831 396 868 vacuum
411 832 507 880 nemus
656 870 659 876 .

162 892 260 948 Mirari
275 890 358 950 libet!
381 891 407 948 0
426 893 565 954 Naiadum
577 909 686 972 potens,

120 968 346 1044 Baccharumque
358 972 508 1032 valentium
875 985 911 1038 1⁵

162 1050 291 1105 Procerus
307 1052 431 1108 manibus
446 1067 553 1112 vertere
568 1057 689 1114 fraxinos
702 1078 712 1131 3

50 1136 65 1160 ⁸
119 1127 166 1184 Nil
181 1146 307 1202 parvum,
321 1142 367 1185 aut
381 1131 476 1188 humili
492 1137 588 1209 modo,

158 1204 204 1261 Nil
220 1207 336 1263 mortale
349 1208 455 1283 loquar.
496 1212 588 1272 Dulce
602 1219 755 1291 periculum
768 1230 822 1293 est,

118 1283 173 1360 Ol
187 1285 301 1358 Leuaee,
315 1291 392 1361 sequi
410 1289 499 1350 Deum

157 1361 323 1441 Cingentem
337 1369 419 1426 viridi
433 1383 560 1450 tempora
573 1379 715 1454 pampino.
871 1347 913 1438 20

485 1516 565 1551 =

357 1609 532 1694 cnnnnn
555 1611 687 1672 xxvi*

353 1751 355 1756 ·
394 1730 630 1780 nquNEREM.

382 1836 483 1894 Annuri
495 1836 637 1898 valedicit.

116 1948 206 2010 VIXl
216 1952 313 2025 puellis
327 1973 415 2031 nuper
425 1958 551 2033 idoneus,

115 2026 153 2084 Et
168 2030 283 2085 militavi
298 2051 352 2088 non
366 2035 426 2090 sinin
438 2035 524 2109 glorii
541 2058 548 2093 ε

153 2106 235 2163 Nunc
249 2127 327 2164 arma
340 2113 554 2187 defunctumque
568 2117 641 2173 bello

195 2188 324 2245 Barbiton
336 2189 380 2246 hle
391 2192 482 2264 paries
495 2192 616 2267 habehit,

57 2313 60 2320 ,
114 2266 233 2326 Laevum
244 2269 359 2326 merinae
370 2271 415 2344 qui
431 2267 545 2352 Veneris
556 2272 627 2331 latus
644 2306 646 2310 ·

115 2346 252 2408 Custodit.
265 2347 269 2354 ’
296 2348 353 2408 Hic
368 2351 414 2409 hin
429 2353 523 2424 ponite
536 2352 629 2416 lucida
696 2383 700 2384 ⁷

153 2429 281 2503 Funalia,
291 2440 318 2488 et
329 2442 431 2506 vectes,
441 2442 468 2487 et
478 2451 561 2491 uncus

191 2511 336 2586 Oppositis
350 2514 452 2569 furibus
471 2514 615 2588 minaces

110 2583 150 2656 O,
163 2605 227 2658 quae
243 2593 352 2648 beatam
369 2592 442 2648 Diva
454 2604 531 2650 tenes
546 2596 684 2672 Cyprum,
696 2611 724 2655 et

111 2662 258 2737 Memphin
273 2684 411 2727 canentem
427 2672 551 2731 Sithonii
561 2678 635 2750 nive,
799 2747 801 2750 ,
869 2687 909 2740 10

151 2741 271 2817 Regina,
284 2749 394 2806 sublimi
408 2752 519 2824 flagello
805 2761 808 2766 ’

190 2821 288 2896 Tange
306 2825 416 2884 Chloen
429 2832 514 2887 semel
528 2847 712 2910 arrogantem.

144 2960 155 2983 ¹*
172 2959 263 3005 Edonis
274 2952 354 3020 stupet
368 2965 448 3014 Evias.
466 2970 557 3018 Benllc
596 2976 603 3023 l
624 2975 715 3037 Rupes.
727 2971 905 3030 nivonflenu.
992 3001 993 3004 ¹

139 3021 150 3073 ‡
167 3022 211 3077 Te,
227 3023 321 3083 Lenaee,
334 3030 400 3084 sequi
414 3029 515 3078 Ducem.
536 3035 614 3084 Benll.
740 3069 743 3074 -
953 3061 955 3066 ·
