2009 3334
154 259 259 321 Vixdre
268 261 351 323 sontes
363 268 427 320 ente
439 258 652 336 Agamemnone

153 337 256 397 Multi:
276 344 431 400 sedomnes
442 337 675 416 illachrymebiles

192 418 221 475 U
269 433 341 496 ntur,
350 421 490 497 ignotique
499 419 580 495 longe
659 474 662 478 ,

261 512 333 577 onte,
344 510 438 560 carent
447 501 511 576 quia
526 509 587 556 vate
597 515 686 556 sacro.

155 576 273 642 Paulum
285 580 401 656 sepuitae
415 580 515 637 distat*
527 578 636 636 inertiae

156 654 254 718 Celeia
267 660 362 717 virtus.
401 658 466 716 Non
478 676 531 735 ego
541 669 570 714 te
583 658 653 715 meis

194 737 320 809 Chnrtisi
332 740 485 797 inornatum
496 736 581 810 sileri,

233 815 325 875 Totve
333 828 393 876 tuos
401 818 491 894 patiar
503 816 613 875 labores

154 897 281 974 Impune,
291 897 375 973 Lolli,
387 915 503 974 carpere
515 896 616 954 lividus

155 976 324 1036 obliviones
364 976 418 1035 Est
428 977 536 1038 animus
548 973 599 1033 tibi

192 1051 351 1130 Rerumque
360 1059 490 1132 prudeus,
500 1067 530 1114 ,et
543 1052 671 1111 secundis

233 1131 421 1210 Temporibus
434 1136 577 1208 dubiisque
590 1140 700 1205 rectus3

154 1211 265 1270 Vindex
274 1232 368 1272 uvarae
382 1213 495 1289 fraudis,
507 1223 534 1271 et
547 1212 688 1270 abstinens

153 1289 288 1370 Ducentis
297 1294 333 1350 ed
346 1310 376 1350 se
389 1306 488 1352 cuncte
499 1292 642 1370 pecuniae3

193 1368 354 1448 Consulque
367 1392 423 1430 non
436 1373 516 1433 unius
529 1374 605 1447 enni,

234 1449 288 1512 Sed
301 1454 407 1527 quoties
417 1454 596 1527 bonusetqne
609 1450 678 1529 fidus

153 1529 244 1590 Judex
257 1530 401 1590 honestum
409 1531 531 1607 praetuiit
545 1530 614 1603 utili,
625 1539 654 1585 et

153 1605 264 1687 Rejecit
276 1611 333 1669 aito
340 1614 413 1669 dune
425 1609 581 1667 nocentium

194 1688 290 1764 Vultu,
299 1702 326 1748 et
340 1708 389 1767 per
401 1690 540 1747 obstantes
548 1697 674 1746 catervas
768 1727 770 1732 .

227 1768 377 1845 ‹Explicuit
389 1788 438 1828 sue
451 1769 539 1827 vietor
551 1785 638 1826 mma.

154 1847 219 1905 Non
228 1850 414 1923 possidentem
427 1845 514 1910 multe
526 1849 669 1909 vocaveris

153 1923 242 1983 Recte
256 1927 365 1984 beatum
378 1946 386 1984 ε
406 1929 508 1986 rectius
520 1939 643 2005 occupat·

191 2001 302 2059 Nomen
314 2006 397 2077 besti,
409 2008 456 2081 qui
470 2006 595 2065 Deorum

232 2079 397 2139 Muneribus
409 2085 548 2158 sapienter
560 2086 611 2158 nti,

153 2159 315 2235 Durmnque
324 2158 405 2216 callet
414 2161 576 2236 pauperiem
584 2166 653 2242 pati,

155 2241 291 2322 Pejusque
300 2238 374 2296 ietho
382 2237 515 2315 flagitium
524 2240 621 2298 timet:

195 2321 259 2381 Nun
268 2320 314 2379 ilie
324 2338 374 2397 pso
387 2323 459 2377 caris
471 2319 569 2378 amieis

234 2400 294 2461 Aut
305 2400 395 2480 patrii
403 2399 515 2459 timidus
528 2401 628 2479 perire.

188 2569 495 2630 *minimuum
547 2577 656 2629 tenum
667 2579 806 2631 moranum
815 2580 899 2633 steno.
