2009 3334
482 172 553 244 rus

159 312 236 379 Quid
249 310 383 388 Rhoetus,
395 312 555 390 evulsisque
567 313 672 371 truncis

202 393 360 453 Enceladus
368 394 620 473 jaculatoraudau,

119 472 229 531 Contra
241 487 385 534 sonantem
399 475 522 533 Palladis
532 474 625 551 aegida

118 553 235 610 Posseut
247 558 379 614 ruentes?
401 556 476 614 Hinc
492 554 593 612 avidus
605 553 682 612 stetit

158 631 318 708 Vulcanus3
340 636 404 694 hinc
413 646 542 693 mauoua
554 633 640 707 Juuo‚
653 644 682 690 et

196 713 347 790 Nunquam
362 714 484 774 humeris
498 716 638 790 positurus
649 714 755 789 arcum,

117 791 175 860 Qui
188 812 251 850 rore
264 813 335 869 puro
349 795 482 853 Castaliae
498 795 567 853 lavit

116 870 216 930 Crines
230 875 345 947 solutos,
358 878 406 950 qui
420 876 521 952 Lyciae
531 886 606 934 tenet

155 953 289 1027 Dumna,
302 957 480 1032 natalemque
492 956 604 1030 silvam,

194 1031 293 1091 Delius
307 1045 336 1092 et
348 1037 481 1095 Patareus
491 1034 610 1113 Apollo,

115 1112 167 1171 Vis
178 1113 280 1173 consili
293 1133 394 1192 expers
407 1118 481 1175 mole
494 1117 549 1173 ruit
562 1114 629 1172 sui:

114 1192 180 1251 Vim
194 1205 377 1272 temperatam
393 1197 433 1255 Di
446 1210 559 1272 quoque
572 1192 730 1270 provehunt

137 1333 139 1337 ,
153 1271 187 1329 In
198 1277 306 1351 majus:
327 1278 401 1332 idem
414 1279 502 1335 odere
514 1276 589 1333 vires

194 1354 287 1412 Omne
300 1357 378 1412 nefas
392 1358 486 1415 animo
497 1365 650 1413 moventes.

113 1432 208 1492 ‘Pestis
218 1454 344 1494 mearum
354 1439 528 1496 centimanus
541 1433 637 1509 Gyges

114 1512 318 1577 Sententiarum
333 1532 425 1593 notos,
439 1531 467 1576 et
481 1517 598 1591 integra

155 1591 294 1656 'l'entator
307 1595 396 1652 Orion
410 1598 525 1671 Dianae‚

196 1677 328 1754 Virginei
342 1676 463 1736 domitus
472 1675 583 1753 sagitti.

111 1756 219 1833 Injecta
232 1755 362 1826 monstris
376 1756 467 1816 'l'erra
480 1757 556 1816 dolet
568 1757 636 1827 suis,

112 1836 274 1911 Moeretque
286 1848 382 1914 partus
392 1836 507 1897 fulmine
520 1836 643 1894 luridum

151 1916 256 1973 Missos
271 1920 307 1974 ad
317 1916 442 1977 Orcum:
463 1938 515 1976 nec
529 1915 638 1993 peredit

190 1995 357 2069 Impositum
371 1999 445 2056 celer
458 1998 529 2074 ignis
540 1996 673 2054 AEtnam:

111 2072 312 2130 incontinentis
326 2077 471 2153 necfl'ityi
481 2079 564 2152 jecur

112 2151 255 2227 Relinquit
269 2152 484 2229 ales7'ueq11itiae
497 2155 608 2212 additus

152 2234 273 2292 Custos:
293 2246 446 2290 amatorem
459 2244 594 2291 trecentae

188 2313 347 2379 Pirithoum
361 2313 492 2373 collibeat
506 2324 624 2372 catenae:
