<?xml version="1.0" encoding="UTF-8"?>
<!DOCTYPE html PUBLIC "-//W3C//DTD XHTML 1.0 Transitional//EN"
    "http://www.w3.org/TR/xhtml1/DTD/xhtml1-transitional.dtd">
<html xmlns="http://www.w3.org/1999/xhtml" xml:lang="en" lang="en">
 <head>
  <title>
</title>
<meta http-equiv="Content-Type" content="text/html;charset=utf-8" />
  <meta name='ocr-system' content='tesseract 3.04.00' />
  <meta name='ocr-capabilities' content='ocr_page ocr_carea ocr_par ocr_line ocrx_word'/>
</head>
<body>
  <div class='ocr_page' id='page_1' title='image "./workshoracetran00frangoog_0044.png"; bbox 0 0 2009 3334; ppageno 0'>
   <div class='ocr_carea' id='block_1_1' title="bbox 455 144 539 219">
    <p class='ocr_par' dir='ltr' id='par_1_1' title="bbox 455 144 539 219">
     <span class='ocr_line' id='line_1_1' title="bbox 455 144 539 219; baseline 0 0"><span class='ocrx_word' id='word_1_1' title='bbox 455 144 539 219; x_wconf 58' lang='lat' dir='ltr'><strong>&amp;a</strong></span> 
     </span>
    </p>
   </div>
   <div class='ocr_carea' id='block_1_2' title="bbox 71 287 787 2200">
    <p class='ocr_par' dir='ltr' id='par_1_2' title="bbox 82 287 646 524">
     <span class='ocr_line' id='line_1_2' title="bbox 85 287 589 379; baseline -0.012 -32"><span class='ocrx_word' id='word_1_2' title='bbox 85 287 358 367; x_wconf 80' lang='lat' dir='ltr'><strong>Contaminatoeum</strong></span> <span class='ocrx_word' id='word_1_3' title='bbox 371 305 419 364; x_wconf 82' lang='lat' dir='ltr'><strong>gre</strong></span> <span class='ocrx_word' id='word_1_4' title='bbox 467 287 589 379; x_wconf 87' lang='lat' dir='ltr'><strong>turpium</strong></span> 
     </span>
     <span class='ocr_line' id='line_1_3' title="bbox 82 367 646 443; baseline -0.005 -17"><span class='ocrx_word' id='word_1_5' title='bbox 82 368 224 426; x_wconf 84' lang='lat' dir='ltr'><strong>Morbo</strong></span> <span class='ocrx_word' id='word_1_6' title='bbox 199 385 339 426; x_wconf 85' lang='lat' dir='ltr'><strong>vrrorurn·</strong></span> <span class='ocrx_word' id='word_1_7' title='bbox 361 369 408 443; x_wconf 91' lang='lat' dir='ltr'><strong>qui</strong></span> <span class='ocrx_word' id='word_1_8' title='bbox 439 367 515 424; x_wconf 87' lang='lat' dir='ltr'><strong>bet</strong></span> <span class='ocrx_word' id='word_1_9' title='bbox 508 375 646 441; x_wconf 84' lang='lat' dir='ltr'><strong>rmpotens</strong></span> 
     </span>
     <span class='ocr_line' id='line_1_4' title="bbox 120 444 513 527; baseline -0.01 -22"><span class='ocrx_word' id='word_1_10' title='bbox 120 447 249 524; x_wconf 80' lang='lat' dir='ltr'><strong>sperare,</strong></span> <span class='ocrx_word' id='word_1_11' title='bbox 262 449 425 527; x_wconf 80' lang='lat' dir='ltr'>fortunaque</span> <span class='ocrx_word' id='word_1_12' title='bbox 439 444 513 504; x_wconf 88' lang='lat' dir='ltr'>dulci</span> 
     </span>
    </p>

    <p class='ocr_par' dir='ltr' id='par_1_3' title="bbox 77 528 617 767">
     <span class='ocr_line' id='line_1_5' title="bbox 126 528 600 594; baseline -0.009 -5.71"><span class='ocrx_word' id='word_1_13' title='bbox 126 528 256 588; x_wconf 86' lang='lat' dir='ltr'><strong>Ebria.</strong></span> <span class='ocrx_word' id='word_1_14' title='bbox 299 529 357 594; x_wconf 82' lang='lat' dir='ltr'><strong>Sed</strong></span> <span class='ocrx_word' id='word_1_15' title='bbox 367 530 466 587; x_wconf 83' lang='lat' dir='ltr'><strong>mrnurt</strong></span> <span class='ocrx_word' id='word_1_16' title='bbox 478 528 600 585; x_wconf 80' lang='lat' dir='ltr'><strong>furorem</strong></span> 
     </span>
     <span class='ocr_line' id='line_1_6' title="bbox 82 607 596 688; baseline -0.004 -21"><span class='ocrx_word' id='word_1_17' title='bbox 82 609 140 669; x_wconf 81' lang='lat' dir='ltr'><strong>vix</strong></span> <span class='ocrx_word' id='word_1_18' title='bbox 152 629 207 669; x_wconf 87' lang='lat' dir='ltr'><strong>una</strong></span> <span class='ocrx_word' id='word_1_19' title='bbox 218 628 315 688; x_wconf 86' lang='lat' dir='ltr'><strong>sospes</strong></span> <span class='ocrx_word' id='word_1_20' title='bbox 328 611 408 668; x_wconf 87' lang='lat' dir='ltr'><strong>navis</strong></span> <span class='ocrx_word' id='word_1_21' title='bbox 420 609 455 666; x_wconf 78' lang='lat' dir='ltr'><strong>ab</strong></span> <span class='ocrx_word' id='word_1_22' title='bbox 468 607 596 684; x_wconf 82' lang='lat' dir='ltr'><strong>ignibus:</strong></span> 
     </span>
     <span class='ocr_line' id='line_1_7' title="bbox 77 687 617 767; baseline -0.006 -20"><span class='ocrx_word' id='word_1_23' title='bbox 77 688 259 767; x_wconf 88' lang='lat' dir='ltr'><strong>Mentemque</strong></span> <span class='ocrx_word' id='word_1_24' title='bbox 272 689 447 766; x_wconf 83' lang='lat' dir='ltr'>lymphatam</span> <span class='ocrx_word' id='word_1_25' title='bbox 460 687 617 745; x_wconf 79' lang='lat' dir='ltr'><strong>Mareotico</strong></span> 
     </span>
    </p>

    <p class='ocr_par' dir='ltr' id='par_1_4' title="bbox 115 769 529 849">
     <span class='ocr_line' id='line_1_8' title="bbox 115 769 529 849; baseline -0.003 -23"><span class='ocrx_word' id='word_1_26' title='bbox 115 769 257 849; x_wconf 86' lang='lat' dir='ltr'><strong>Redegit</strong></span> <span class='ocrx_word' id='word_1_27' title='bbox 249 790 278 828; x_wconf 89' lang='lat' dir='ltr'><strong>rn</strong></span> <span class='ocrx_word' id='word_1_28' title='bbox 291 787 372 827; x_wconf 86' lang='lat' dir='ltr'><strong>veros</strong></span> <span class='ocrx_word' id='word_1_29' title='bbox 384 769 529 829; x_wconf 78' lang='lat' dir='ltr'><strong>timores,</strong></span> 
     </span>
    </p>

    <p class='ocr_par' dir='ltr' id='par_1_5' title="bbox 74 847 627 1084">
     <span class='ocr_line' id='line_1_9' title="bbox 157 847 567 924; baseline -0.007 -16"><span class='ocrx_word' id='word_1_30' title='bbox 157 848 267 924; x_wconf 82' lang='lat' dir='ltr'><strong>Caesar,</strong></span> <span class='ocrx_word' id='word_1_31' title='bbox 279 852 315 908; x_wconf 85' lang='lat' dir='ltr'><strong>ab</strong></span> <span class='ocrx_word' id='word_1_32' title='bbox 328 848 411 906; x_wconf 86' lang='lat' dir='ltr'><strong>Italia</strong></span> <span class='ocrx_word' id='word_1_33' title='bbox 424 847 567 906; x_wconf 85' lang='lat' dir='ltr'><strong>volantem</strong></span> 
     </span>
     <span class='ocr_line' id='line_1_10' title="bbox 76 927 587 1008; baseline -0.002 -21"><span class='ocrx_word' id='word_1_34' title='bbox 76 927 175 988; x_wconf 87' lang='lat' dir='ltr'><strong>Remis</strong></span> <span class='ocrx_word' id='word_1_35' title='bbox 189 934 335 1006; x_wconf 73' lang='lat' dir='ltr'><strong>adurgens,</strong></span> <span class='ocrx_word' id='word_1_36' title='bbox 349 928 498 1008; x_wconf 85' lang='lat' dir='ltr'><strong>(accipiter</strong></span> <span class='ocrx_word' id='word_1_37' title='bbox 511 927 587 986; x_wconf 85' lang='lat' dir='ltr'><strong>velut</strong></span> 
     </span>
     <span class='ocr_line' id='line_1_11' title="bbox 74 1007 627 1102; baseline -0.002 -35"><span class='ocrx_word' id='word_1_38' title='bbox 74 1008 179 1067; x_wconf 85' lang='lat' dir='ltr'><strong>Molles</strong></span> <span class='ocrx_word' id='word_1_39' title='bbox 193 1007 346 1102; x_wconf 79' lang='lat' dir='ltr'><strong>coluprbas‚</strong></span> <span class='ocrx_word' id='word_1_40' title='bbox 359 1022 406 1069; x_wconf 90' lang='lat' dir='ltr'><strong>aut</strong></span> <span class='ocrx_word' id='word_1_41' title='bbox 419 1009 544 1082; x_wconf 86' lang='lat' dir='ltr'><strong>leporem</strong></span> <span class='ocrx_word' id='word_1_42' title='bbox 557 1008 627 1066; x_wconf 85' lang='lat' dir='ltr'><strong>citus</strong></span> 
     </span>
    </p>

    <p class='ocr_par' dir='ltr' id='par_1_6' title="bbox 114 1086 520 1167">
     <span class='ocr_line' id='line_1_12' title="bbox 114 1086 520 1167; baseline -0.007 -19"><span class='ocrx_word' id='word_1_43' title='bbox 114 1086 261 1148; x_wconf 87' lang='lat' dir='ltr'><strong>Venator&#39;</strong></span> <span class='ocrx_word' id='word_1_44' title='bbox 253 1109 282 1146; x_wconf 77' lang='grc' dir='ltr'><strong>ιη</strong></span> <span class='ocrx_word' id='word_1_45' title='bbox 296 1090 403 1167; x_wconf 86' lang='lat' dir='ltr'><strong>campis</strong></span> <span class='ocrx_word' id='word_1_46' title='bbox 416 1086 520 1147; x_wconf 75' lang='lat' dir='ltr'><strong>nivalis</strong></span> 
     </span>
    </p>

    <p class='ocr_par' dir='ltr' id='par_1_7' title="bbox 73 1166 742 1402">
     <span class='ocr_line' id='line_1_13' title="bbox 153 1166 742 1248; baseline -0.015 -21"><span class='ocrx_word' id='word_1_47' title='bbox 153 1166 297 1227; x_wconf 83' lang='lat' dir='ltr'>AEmoniae</span> <span class='ocrx_word' id='word_1_48' title='bbox 299 1170 323 1248; x_wconf 76' lang='lat'><strong>‚)</strong></span> <span class='ocrx_word' id='word_1_49' title='bbox 336 1171 414 1227; x_wconf 88' lang='lat' dir='ltr'><strong>daret</strong></span> <span class='ocrx_word' id='word_1_50' title='bbox 426 1178 457 1226; x_wconf 93' lang='lat' dir='ltr'><strong>ut</strong></span> <span class='ocrx_word' id='word_1_51' title='bbox 470 1168 576 1225; x_wconf 85' lang='lat' dir='ltr'><strong>catenis</strong></span> <span class='ocrx_word' id='word_1_52' title='bbox 638 1214 643 1219; x_wconf 77' lang='grc'><em>,</em></span> <span class='ocrx_word' id='word_1_53' title='bbox 739 1236 742 1243; x_wconf 33' lang='lat'><strong><em>¹</em></strong></span> 
     </span>
     <span class='ocr_line' id='line_1_14' title="bbox 74 1246 630 1323; baseline -0.002 -17"><span class='ocrx_word' id='word_1_54' title='bbox 74 1246 174 1306; x_wconf 83' lang='lat' dir='ltr'><strong>Fatale</strong></span> <span class='ocrx_word' id='word_1_55' title='bbox 187 1261 361 1307; x_wconf 83' lang='lat' dir='ltr'><strong>monstrum:</strong></span> <span class='ocrx_word' id='word_1_56' title='bbox 382 1268 446 1323; x_wconf 84' lang='lat' dir='ltr'><strong>quae</strong></span> <span class='ocrx_word' id='word_1_57' title='bbox 459 1248 630 1323; x_wconf 69' lang='lat' dir='ltr'><strong>generosifls</strong></span> 
     </span>
     <span class='ocr_line' id='line_1_15' title="bbox 73 1325 571 1402; baseline -0.008 -16"><span class='ocrx_word' id='word_1_58' title='bbox 73 1327 170 1386; x_wconf 86' lang='lat' dir='ltr'><strong>Perire</strong></span> <span class='ocrx_word' id='word_1_59' title='bbox 183 1345 322 1402; x_wconf 71' lang='lat' dir='ltr'><strong>quarem,</strong></span> <span class='ocrx_word' id='word_1_60' title='bbox 336 1349 386 1388; x_wconf 85' lang='lat' dir='ltr'><strong>nee</strong></span> <span class='ocrx_word' id='word_1_61' title='bbox 400 1325 571 1391; x_wconf 81' lang='lat' dir='ltr'>muliebriter</span> 
     </span>
    </p>

    <p class='ocr_par' dir='ltr' id='par_1_8' title="bbox 114 1406 557 1485">
     <span class='ocr_line' id='line_1_16' title="bbox 114 1406 557 1485; baseline -0.005 -21"><span class='ocrx_word' id='word_1_62' title='bbox 114 1406 241 1481; x_wconf 86' lang='lat' dir='ltr'><strong>Expavit</strong></span> <span class='ocrx_word' id='word_1_63' title='bbox 252 1426 364 1485; x_wconf 83' lang='lat' dir='ltr'>ensem,</span> <span class='ocrx_word' id='word_1_64' title='bbox 375 1426 427 1467; x_wconf 86' lang='lat' dir='ltr'><strong>nee</strong></span> <span class='ocrx_word' id='word_1_65' title='bbox 440 1406 557 1465; x_wconf 84' lang='lat' dir='ltr'><strong>latentes</strong></span> 
     </span>
    </p>

    <p class='ocr_par' dir='ltr' id='par_1_9' title="bbox 71 1485 610 1722">
     <span class='ocr_line' id='line_1_17' title="bbox 154 1485 610 1563; baseline -0.011 -16"><span class='ocrx_word' id='word_1_66' title='bbox 154 1485 252 1547; x_wconf 85' lang='lat' dir='ltr'><strong>Classe</strong></span> <span class='ocrx_word' id='word_1_67' title='bbox 266 1489 339 1546; x_wconf 74' lang='lat' dir='ltr'><strong>cita*</strong></span> <span class='ocrx_word' id='word_1_68' title='bbox 353 1489 493 1563; x_wconf 73' lang='lat' dir='ltr'><strong>raparavit</strong></span> <span class='ocrx_word' id='word_1_69' title='bbox 507 1506 579 1544; x_wconf 84' lang='lat' dir='ltr'><strong>oras.</strong></span> <span class='ocrx_word' id='word_1_70' title='bbox 603 1544 610 1563; x_wconf 37' lang='lat' dir='ltr'><strong><em>s</em></strong></span> 
     </span>
     <span class='ocr_line' id='line_1_18' title="bbox 72 1564 592 1643; baseline 0.002 -20"><span class='ocrx_word' id='word_1_71' title='bbox 72 1565 153 1623; x_wconf 81' lang='lat' dir='ltr'><strong>Ausa</strong></span> <span class='ocrx_word' id='word_1_72' title='bbox 165 1577 193 1622; x_wconf 78' lang='lat' dir='ltr'><strong>et</strong></span> <span class='ocrx_word' id='word_1_73' title='bbox 206 1565 221 1643; x_wconf 67' lang='lat' dir='ltr'><strong>t</strong></span> <span class='ocrx_word' id='word_1_74' title='bbox 229 1568 372 1643; x_wconf 80' lang='lat' dir='ltr'><strong>jacentem</strong></span> <span class='ocrx_word' id='word_1_75' title='bbox 385 1564 474 1627; x_wconf 82' lang='lat' dir='ltr'><strong>visere</strong></span> <span class='ocrx_word' id='word_1_76' title='bbox 486 1568 592 1641; x_wconf 86' lang='lat' dir='ltr'><strong>regiam</strong></span> 
     </span>
     <span class='ocr_line' id='line_1_19' title="bbox 71 1644 543 1723; baseline -0.004 -18"><span class='ocrx_word' id='word_1_77' title='bbox 71 1644 160 1705; x_wconf 86' lang='lat' dir='ltr'><strong>Vultu</strong></span> <span class='ocrx_word' id='word_1_78' title='bbox 172 1663 270 1704; x_wconf 85' lang='lat' dir='ltr'><strong>sereno</strong></span> <span class='ocrx_word' id='word_1_79' title='bbox 284 1648 372 1721; x_wconf 85' lang='lat' dir='ltr'><strong>sortis,</strong></span> <span class='ocrx_word' id='word_1_80' title='bbox 385 1657 413 1703; x_wconf 87' lang='lat' dir='ltr'><strong>et</strong></span> <span class='ocrx_word' id='word_1_81' title='bbox 428 1663 543 1723; x_wconf 81' lang='lat' dir='ltr'><strong>asperas</strong></span> 
     </span>
    </p>

    <p class='ocr_par' dir='ltr' id='par_1_10' title="bbox 112 1725 564 1801">
     <span class='ocr_line' id='line_1_20' title="bbox 112 1725 564 1801; baseline 0.004 -18"><span class='ocrx_word' id='word_1_82' title='bbox 112 1725 250 1783; x_wconf 77' lang='lat' dir='ltr'><strong>Tractare</strong></span> <span class='ocrx_word' id='word_1_83' title='bbox 262 1736 416 1801; x_wconf 82' lang='lat' dir='ltr'><strong>serpentes,</strong></span> <span class='ocrx_word' id='word_1_84' title='bbox 429 1736 459 1783; x_wconf 88' lang='lat' dir='ltr'><strong>ut</strong></span> <span class='ocrx_word' id='word_1_85' title='bbox 472 1737 564 1785; x_wconf 87' lang='lat' dir='ltr'><strong>atrum</strong></span> 
     </span>
    </p>

    <p class='ocr_par' dir='ltr' id='par_1_11' title="bbox 152 1804 618 1883">
     <span class='ocr_line' id='line_1_21' title="bbox 152 1804 618 1883; baseline 0.011 -23"><span class='ocrx_word' id='word_1_86' title='bbox 152 1804 280 1879; x_wconf 89' lang='lat' dir='ltr'><strong>Corpore</strong></span> <span class='ocrx_word' id='word_1_87' title='bbox 290 1806 462 1865; x_wconf 79' lang='lat' dir='ltr'><strong>combrberet</strong></span> <span class='ocrx_word' id='word_1_88' title='bbox 471 1822 618 1883; x_wconf 82' lang='lat' dir='ltr'><strong>venenum,</strong></span> 
     </span>
    </p>

    <p class='ocr_par' dir='ltr' id='par_1_12' title="bbox 71 1880 787 2116">
     <span class='ocr_line' id='line_1_22' title="bbox 71 1880 485 1947; baseline 0.01 -10"><span class='ocrx_word' id='word_1_89' title='bbox 71 1880 231 1941; x_wconf 85' lang='lat' dir='ltr'><strong>Deliberata</strong></span> <span class='ocrx_word' id='word_1_90' title='bbox 247 1895 337 1945; x_wconf 84' lang='lat' dir='ltr'><strong>morte</strong></span> <span class='ocrx_word' id='word_1_91' title='bbox 351 1886 485 1947; x_wconf 79' lang='lat' dir='ltr'><strong>ferocior.</strong></span> 
     </span>
     <span class='ocr_line' id='line_1_23' title="bbox 72 1954 580 2041; baseline 0.014 -25"><span class='ocrx_word' id='word_1_92' title='bbox 72 1958 146 2017; x_wconf 77' lang='lat' dir='ltr'><strong>Saes</strong></span> <span class='ocrx_word' id='word_1_93' title='bbox 140 1980 162 2017; x_wconf 84' lang='lat' dir='ltr'><strong>rs</strong></span> <span class='ocrx_word' id='word_1_94' title='bbox 175 1954 308 2025; x_wconf 81' lang='lat' dir='ltr'><strong>Liburnis</strong></span> <span class='ocrx_word' id='word_1_95' title='bbox 322 1965 429 2027; x_wconf 86' lang='lat' dir='ltr'><strong>scilicet</strong></span> <span class='ocrx_word' id='word_1_96' title='bbox 440 1964 580 2041; x_wconf 82' lang='lat' dir='ltr'><strong>invidens,</strong></span> 
     </span>
     <span class='ocr_line' id='line_1_24' title="bbox 113 2038 787 2117; baseline 0.001 -22"><span class='ocrx_word' id='word_1_97' title='bbox 113 2038 226 2097; x_wconf 78' lang='lat' dir='ltr'><strong>Privata</strong></span> <span class='ocrx_word' id='word_1_98' title='bbox 239 2043 339 2099; x_wconf 86' lang='lat' dir='ltr'><strong>deduci</strong></span> <span class='ocrx_word' id='word_1_99' title='bbox 352 2040 472 2117; x_wconf 80' lang='lat' dir='ltr'><strong>superbo</strong></span> <span class='ocrx_word' id='word_1_100' title='bbox 685 2098 688 2103; x_wconf 69' lang='grc'><strong><em>,</em></strong></span> <span class='ocrx_word' id='word_1_101' title='bbox 784 2100 787 2105; x_wconf 59' lang='grc'>,</span> 
     </span>
    </p>

    <p class='ocr_par' dir='ltr' id='par_1_13' title="bbox 152 2110 618 2200">
     <span class='ocr_line' id='line_1_25' title="bbox 152 2110 618 2200; baseline 0.015 -25"><span class='ocrx_word' id='word_1_102' title='bbox 152 2110 225 2175; x_wconf 82' lang='lat' dir='ltr'><strong>Non</strong></span> <span class='ocrx_word' id='word_1_103' title='bbox 230 2118 346 2179; x_wconf 83' lang='lat' dir='ltr'><strong>humilis</strong></span> <span class='ocrx_word' id='word_1_104' title='bbox 356 2120 453 2183; x_wconf 82' lang='lat' dir='ltr'><strong>mulier</strong></span> <span class='ocrx_word' id='word_1_105' title='bbox 466 2122 618 2200; x_wconf 85' lang='lat' dir='ltr'><strong>triumpho.</strong></span> 
     </span>
    </p>
   </div>
   <div class='ocr_carea' id='block_1_3' title="bbox 103 2279 839 2353">
    <p class='ocr_par' dir='ltr' id='par_1_14' title="bbox 103 2279 839 2353">
     <span class='ocr_line' id='line_1_26' title="bbox 103 2279 839 2353; baseline 0.031 -25.902"><span class='ocrx_word' id='word_1_106' title='bbox 103 2279 274 2338; x_wconf 78' lang='lat' dir='ltr'><strong>Pepetravit</strong></span> <span class='ocrx_word' id='word_1_107' title='bbox 286 2299 357 2353; x_wconf 55' lang='lat' dir='ltr'><strong>pras„</strong></span> <span class='ocrx_word' id='word_1_108' title='bbox 366 2281 444 2335; x_wconf 77' lang='lat' dir='ltr'><strong>Benll.</strong></span> <span class='ocrx_word' id='word_1_109' title='bbox 529 2334 532 2340; x_wconf 76' lang='grc'><strong>,</strong></span> <span class='ocrx_word' id='word_1_110' title='bbox 549 2290 558 2338; x_wconf 87' lang='lat' dir='ltr'><strong>t</strong></span> <span class='ocrx_word' id='word_1_111' title='bbox 576 2290 656 2342; x_wconf 74' lang='lat' dir='ltr'><strong>Auses</strong></span> <span class='ocrx_word' id='word_1_112' title='bbox 667 2301 693 2343; x_wconf 89' lang='lat' dir='ltr'><strong>et</strong></span> <span class='ocrx_word' id='word_1_113' title='bbox 704 2303 839 2349; x_wconf 81' lang='lat' dir='ltr'><strong>tacentem.</strong></span> 
     </span>
    </p>
   </div>
   <div class='ocr_carea' id='block_1_4' title="bbox 0 0 1010 3334">
    <p class='ocr_par' dir='ltr' id='par_1_15' title="bbox 0 0 1010 3334">
     <span class='ocr_line' id='line_1_27' title="bbox 0 0 1010 3334; baseline 0 4"><span class='ocrx_word' id='word_1_114' title='bbox 0 0 1010 3334; x_wconf 95' lang='lat' dir='ltr'><strong> </strong></span> 
     </span>
    </p>
   </div>
  </div>
 </body>
</html>
