2009 3334
470 137 540 209 158

102 275 187 334 Auro
198 290 331 349 repensus
342 275 448 336 scilicet
461 277 559 334 acrior·

106 353 191 413 Miles
203 355 326 417 redibit?
347 356 456 432 flagitio
468 356 570 413 additis

145 432 307 492 Damnum:
327 454 418 511 neque
430 437 548 493 amissos
560 433 668 493 colores

186 513 267 570 Lana
279 516 362 575 refert
375 517 514 573 medicata
528 516 605 579 luco:

105 590 166 649 Nec
175 612 242 653 vera
255 596 353 669 virtus,
367 596 432 655 cnm
445 593 532 651 semel
544 594 658 670 excidit,

106 670 194 730 Curat
207 677 304 750 reponi
320 676 511 734 deterioribus.

144 751 174 810 Si
187 766 293 829 pugnat
305 756 439 812 extricata
448 756 543 811 densis

186 832 280 893 Cerva
287 834 387 910 plagis,
398 833 506 892 eritille
520 835 608 908 fortis,

104 911 288 988 Qui'perfidis
301 933 331 971 se
339 914 456 972 credidit
468 914 612 988 hosticum

103 992 144 1051 Et
158 993 250 1051 Marte
264 993 367 1052 Poenos
380 1003 502 1072 proteret
515 994 612 1066 altero,

142 1073 198 1142 Qui
208 1074 267 1134 lora
273 1075 404 1134 restrictis
417 1074 527 1132 lacertis

184 1154 275 1212 Sensit
284 1154 367 1230 iners,
379 1155 524 1229 timuitque
537 1164 665 1212 mortem.
682 1226 685 1229 Ι

102 1228 170 1309 Hic,
179 1236 252 1290 unde
262 1237 347 1293 vitam
356 1235 504 1308 sumeret,l
517 1234 631 1308 inscius,

104 1313 207 1370 Pacem
221 1315 314 1372 duello
328 1315 446 1375 miscuit.
487 1312 516 1371 0
525 1310 632 1389 pudor!

142 1392 285 1468 Omagna
299 1394 453 1472 Carthago,
468 1395 611 1472 probrosis
711 1432 718 1443 .

187 1471 281 1530 Altior
294 1474 384 1533 ltaliae
398 1474 497 1534 ruinis!

102 1552 204 1611 Fertur
217 1555 328 1629 pudicae
342 1557 469 1631 conjugis
483 1552 631 1626 osculum,.

102 1632 265 1705 Parrosque
278 1645 369 1708 natos,
382 1646 412 1690 ut
425 1634 524 1709 capitis
537 1632 638 1707 minor,

142 1713 192 1769 Ab
205 1729 236 1767 se
249 1713 412 1785 removisse,
424 1725 452 1770 et
466 1712 575 1773 virilem

182 1790 297 1859 Torvus
310 1791 388 1849 humi
402 1793 529 1868 posuisse
538 1789 647 1849 vultum

102 1870 201 1926 Donec
216 1868 341 1927 labantes
355 1872 471 1928 consilio
486 1873 583 1930 Patres
663 1879 671 1899 ·

101 1948 239 2003 Firmaret
253 1961 350 2006 auctor
360 1970 501 2024 nunquam
515 1952 587 2009 alias
596 1952 671 2024 dato¹

140 2024 273 2095 Interque
280 2041 433 2086 moerentes
446 2031 552 2087 amicos

181 2101 319 2176 Egregius
329 2118 492 2181 properaret
506 2109 594 2167 exsul.
645 2128 650 2139 ·

103 2180 190 2256 Atqui
199 2180 306 2255 sciebat
315 2186 440 2256 quaesibi
451 2187 583 2247 barbarus

102 2261 206 2320 Tortor
219 2273 344 2334 pararet:
366 2281 421 2320 non
433 2263 513 2322 aliter
521 2275 616 2326 tamen

142 2340 272 2398 Dimovit
283 2343 425 2413 obstantes
439 2346 623 2423 propinquos,
655 2401 658 2405 J

184 2420 223 2476 Et
236 2421 372 2494 populum
386 2425 489 2495 reditus
502 2439 657 2487 morantem
661 2447 673 2501 5

100 2496 198 2561 Quam
207 2501 230 2555 si
245 2498 377 2559 clientum
391 2503 475 2577 longa
484 2507 606 2580 negotia,

103 2571 265 2650 Dijudicata
278 2579 336 2653 lite,
344 2583 521 2658 relinqueret,

71 2676 73 2679 ·
143 2650 275 2711 Tendens
288 2657 462 2720 Venafranos
476 2662 504 2719 in
517 2681 608 2738 agros,

180 2729 239 2786 Aut
253 2731 501 2798 Lacedaemonium
511 2740 671 2800 Tarentum.

134 2891 228 2964 ‘'ilinc,
240 2898 392 2950 undevitam
404 2890 510 2953 sumeret
521 2906 608 2967 aptus.
638 2904 715 2968 Βανά]θ

137 2953 149 2995 l
159 2963 221 3000 itam*
228 2970 334 3008 sumeret
345 2966 436 3021 apricat
