2009 3334
446 88 538 207 rus
602 124 605 127 ’

333 376 507 437 CARMEN
526 374 624 436 XVII.
667 400 674 415 ·

229 528 236 541 ’
331 564 378 612 nn
394 560 626 615 uscnunrnu.

46 808 49 815 Ι
87 729 506 812 Moeeeuulernperpetutftlre
518 731 692 799 laborantem
702 714 873 811 consolatur,

226 815 304 893 eique
316 830 344 869 se
357 819 447 888 negat
450 809 524 889 sore
537 812 721 890 superstitem.

86 998 169 1058 CUR
177 1017 221 1056 me
231 996 349 1072 querelis
358 998 584 1057 exanimnstuis?
644 989 647 997 ¹

83 1080 144 1137 Nec
159 1077 212 1136 Dis
225 1077 344 1135 amicum
358 1090 411 1151 est,
424 1096 474 1134 nec
487 1078 566 1154 mihi,
580 1091 606 1138 tc
619 1080 699 1157 priris

123 1155 387 1232 Obire,·Maecenas,
400 1175 524 1214 mearum

127 1292 129 1294 .
164 1236 278 1293 Grande
291 1238 375 1294 decus
387 1233 571 1310 columenque
584 1255 685 1295 rerum.
711 1274 714 1281 ·

82 1314 150 1374 Ah!
172 1326 201 1373 te
214 1333 286 1372 rueae
298 1317 323 1372 si
336 1326 443 1391 partem
454 1318 558 1375 animae
572 1318 645 1394 rapit
856 1324 874 1376 5

83 1394 222 1453 Maturinr
236 1394 291 1470 vis,
303 1395 371 1470 quid
383 1412 476 1461 moror
488 1395 585 1469 altera,

122 1474 183 1532 Nec
196 1493 280 1533 carus
294 1475 386 1549 aeque,
399 1492 450 1530 nec
463 1485 602 1548 superstes

162 1554 299 1628 Integer?
321 1553 593 1625 illediesutramque

69 1632 176 1693 .Ducet
188 1636 299 1691 ruinam
311 1651 318 1687 :
341 1650 462 1705 nonegu
474 1631 611 1706 perfidum

83 1712 152 1770 Dixi
165 1721 390 1772 sacramentum:
411 1711 523 1783 ibimus,
533 1711 644 1785 ibimus,
840 1718 877 1770 10

122 1792 276 1866 Utcunque
290 1792 445 1865 praeeedes,
458 1807 618 1866 supremum

164 1871 291 1945 Carpere
305 1871 357 1928 iter
369 1870 485 1927 comites
499 1868 598 1944 parati.
638 1916 654 1937 ,
712 1918 715 1924 .

83 1948 132 2005 Me
146 1967 197 2005 nec
212 1950 367 2007 Chimaerae
380 1949 493 2023 spiritus
506 1949 610 2023 igneae,

82 2026 153 2098 Nec,
162 2028 188 2087 si
202 2038 335 2100 resurgat,
348 2028 522 2084 centimanus
535 2027 643 2101 Gyas?

122 2105 246 2162 Divellet
257 2122 396 2178 uuquam:
417 2106 457 2161 sic
468 2107 577 2181 potenti

161 2184 294 2256 lustitiae,
308 2183 498 2259 placitumque
512 2184 618 2241 Parcis.

85 2264 140 2321 Seu
154 2264 251 2339 Libra,
262 2281 311 2325 seu
320 2282 369 2323 ‚rne
383 2262 515 2340 Scorpius
528 2263 630 2341 aspicit

84 2342 304 2417 Formianum,
317 2358 381 2419 pars
394 2341 543 2402 violentior

123 2423 233 2483 Natalis
246 2423 334 2496 hnrae,
347 2442 395 2479 seu
409 2433 543 2496 tyrannus

141 2509 150 2550 Γ
166 2500 313 2577 Hesperiae
325 2501 513 2578 Capricornus
526 2502 626 2558 undae:
836 2503 874 2555 20

85 2577 241 2652 Utrumque
252 2592 375 2643 nostrum
386 2580 541 2639 incredibili
555 2578 639 2636 modo

85 2657 231 2714 Consentis
243 2669 364 2716 astrum:
383 2672 412 2717 te
426 2659 508 2716 Jovis
520 2659 608 2735 impin
659 2716 663 2722 ,

123 2734 227 2792 Tutela
240 2737 358 2794 Saturno
374 2738 510 2814 refulgens
525 2802 534 2819 ι

164 2812 287 2889 Eripuit,
299 2815 491 2892 volucrisquel
503 2817 551 2873 sati

118 2955 129 3002 'l
147 2975 303 3024 centimanus
315 2977 404 3041 Gyges.
587 2981 598 3027 l
617 2977 779 3037 volucresque
791 2977 842 3023 luti.
