2009 3334
486 187 537 259 au

152 324 319 399 Juuctaeque
332 322 475 402 Nymphis
488 323 596 382 Gratiae
609 304 737 382 decentes

114 403 233 470 Alterno
250 415 357 538 lterram
378 407 505 480 quatiunt
524 405 619 487 pede5
639 405 706 461 dum
726 419 824 478 graves
846 403 907 479 Cy·

154 502 409 622 vulcacnffiens
422 564 476 619 urit
488 563 506 599 ⁴*
518 563 651 621 officinas.

114 641 196 702 Nune
221 644 301 701 decet
326 655 373 702 aut
398 643 480 699 viridi
506 643 623 700 nitidum
654 652 738 719 caput
768 642 909 715 impedire

147 767 214 861 ‘aut
226 734 309 876 11Ἣὲ
310 743 400 860 (i'errae
413 809 495 877 quem
510 803 600 860 ferunt
612 800 720 862 solutae.
868 805 908 860 10

115 881 197 941 Nunc
210 895 238 939 et
250 884 279 939 in
291 882 428 939 umbrosis
438 882 462 940 F
464 899 537 939 auuu
545 885 624 941 decet
633 880 776 940 immolare
785 879 866 954 lucis,
884 900 888 909 ²

155 962 208 1020 Seu
223 971 320 1037 poscat
333 980 444 1037 aguam,
456 962 517 1018 sive
530 962 607 1018 malit
621 958 763 1019 hoedum.†

115 1040 224 1099 Pallida
235 1058 310 1097 mors
319 1060 402 1117 aequo
415 1041 507 1118 pulsat
520 1044 591 1116 pede
601 1058 753 1117 pauperum
763 1041 906 1118 tabernas,

154 1118 318 1195 Regumque
331 1134 427 1178 turres.
469 1119 497 1179 O
511 1123 590 1178 beate
605 1121 686 1193 Sesti,

115 1198 191 1257 Vitae
204 1218 313 1258 summa
333 1201 425 1258 brevis
442 1219 524 1277 spem
541 1202 597 1258 nos'
613 1209 695 1267 vetat,
702 1197 831 1256 inchoare
844 1198 907 1256 lou·
993 1222 997 1238 ·

119 1330 122 1337 ,
233 1297 319 1353 gam:
617 1312 620 1326 ι
866 1289 904 1339 15

153 1356 219 1414 Jam
228 1370 256 1416 te
268 1372 376 1434 premet
388 1380 455 1435 uox,
467 1360 625 1435 fabulaeque
638 1358 748 1433 Manes,

116 1436 155 1494 Et
168 1438 266 1495 domus
279 1441 358 1498 exilis
372 1440 501 1498 Plutonia
514 1461 522 1498 z
543 1443 600 1515 que
612 1438 694 1496 simul
705 1436 818 1513 meiris,
885 1456 902 1517 j.

155 1515 220 1575 Nou
233 1538 319 1595 regna
330 1521 388 1577 vini
401 1520 516 1577 sortiere
527 1520 601 1592 talis,

116 1595 177 1654 Nec
190 1608 315 1657 tenerum
332 1599 470 1676 Lycidam
486 1600 633 1673 mirabere,
650 1616 706 1674 quo
719 1597 790 1655 calet
803 1597 920 1674 juven--

235 1689 279 1738 ius
356 1733 364 1739 ,r

116 1755 199 1816 Nune
212 1758 313 1836 omuis,
324 1771 352 1818 et
365 1744 431 1818 mox
444 1760 565 1844 uirgines
577 1758 723 1835 tepebunt..
866 1763 909 1823 20

468 1947 551 2005 ²²⁸⁴,

396 2089 571 2148 CARMEN
589 2087 626 2146 V.

392 2253 439 2302 AD
454 2254 636 2304 PYRRHAM.»

118 2405 244 2466 Mieerur
254 2423 314 2465 eree
322 2407 372 2484 qui
383 2405 462 2481 illiue
474 2426 569 2468 umore
582 2413 733 2467 teneantur
746 2426 758 2462 .·
777 2423 808 2463 ee
820 2424 908 2482 exeo,

258 2495 392 2564 tunquam
404 2490 419 2545 ὲ
432 2487 606 2566 naufragio,
619 2490 757 2546 mutuare.

119 2649 213 2718 QUIS
225 2654 313 2713 multi
324 2655 436 2732 gracilis
448 2667 476 2717 te
488 2673 558 2732 puer
570 2658 599 2713 in
611 2656 674 2713 rosa

10 2712 12 2739 ²
118 2731 247 2792 Perfusus
260 2732 372 2809 liquidis
384 2749 464 2811 urget
475 2736 606 2794 ouoribus

155 2862 158 2869 .
237 2811 337 2888 Grato,
350 2813 467 2890 Pyrrha,
479 2817 531 2872 sub
543 2825 623 2872 antro
636 2814 649 2871 i

117 2952 120 2960 ,
278 2890 332 2949 Cui
345 2891 447 2951 flavam
459 2893 559 2969 religas
572 2909 692 2969 comam,

152 3060 262 3120 ‘Urgetv
280 3056 395 3120 Scaliger.
660 3059 671 3108 i
688 3052 871 3120 ‚igni-hedo.
