2009 3334
472 184 544 261 150

380 442 553 508 CARMEN
574 443 626 505 IV.

319 632 323 643 ·
374 615 419 662 ΑΙ)
437 609 634 660 cnnnlouuu.

113 764 166 846 Iis,
178 772 227 849 qui
239 772 270 828 iu
281 769 404 828 Deorum
416 762 505 821 tutela
516 771 593 837 eunt,
606 762 674 821 bene
681 759 779 819 omniu
791 732 899 816 cedere.

113 932 332 995 DESCENDE
346 930 430 1004 coelu,
442 943 471 989 et
483 932 530 989 die
542 949 594 1006 age
606 929 675 989 tibin

109 1014 221 1092 Regina
230 1013 344 1089 longum
358 1009 488 1089 Calliope
498 1010 604 1085 melos,

153 1095 207 1152 Seu
217 1113 286 1151 voce
296 1111 369 1148 nunc
380 1092 470 1148 mavis
480 1091 572 1163 acute,

192 1170 246 1230 Seu
259 1172 370 1246 fidibus,
383 1169 525 1228 citharive
535 1169 646 1227 Phoebi.

112 1251 246 1309 Auditis?
267 1271 304 1308 an
317 1269 361 1307 me
374 1248 443 1306 ludit
456 1249 585 1308 amabilis

112 1330 244 1389 Insania?
265 1331 371 1405 audire,
384 1340 413 1387 et
421 1330 537 1388 videor*
550 1331 612 1405 pios

151 1409 256 1469 Errare
269 1408 420 1486 periacus,
432 1428 554 1468 ntuoenae

192 1489 272 1558 Quos
282 1501 310 1547 et
322 1507 403 1564 uquae
417 1492 545 1566 subeunt,
558 1499 586 1547 et
598 1508 684 1547 aurae.

112 1569 163 1629 Me
173 1569 307 1629 subulosae
322 1567 438 1626 Vulture
448 1570 476 1627 in
487 1568 614 1646 Appulo,

113 1649 244 1707 Altricisi
257 1661 335 1709 extra
347 1647 447 1725 limenss
459 1648 598 1723 Apuiiae,

153 1729 236 1788 Ludo
249 1730 446 1806 fatigatumque
455 1746 564 1796 somno,

192 1809 305 1868 Fronde
318 1809 391 1867 novi
403 1827 516 1886 puerum
528 1809 673 1883 palumbes

114 1888 242 1947 Tenere:
261 1890 362 1946 mirum
376 1890 451 1963 quod
460 1889 530 1945 foret
542 1890 680 1961 omnibus,

6 2014 14 2031 ,
114 1967 280 2041 Quicunque
293 1966 376 2024 celsae
389 1968 484 2035 nidum
501 1968 694 2041 Acherontiae,

4 2040 8 2069 ¹
154 2044 300 2120 Saltusque
310 2045 454 2121 Bantinos,
466 2058 494 2103 et
503 2066 601 2106 arvum
655 2084 657 2087 v
865 2047 901 2101 15

192 2122 298 2200 Pingue
311 2134 405 2187 teuent
417 2123 529 2182 humilis
539 2125 668 2201 Ferenti3

113 2203 155 2264 Ut
163 2214 222 2263 tuto
230 2205 266 2261 ab
278 2203 345 2262 atris
358 2220 475 2278 corpore
488 2205 592 2280 viperis

114 2283 275 2343 Dormirem
287 2294 314 2341 et
328 2282 414 2355 ursis3
435 2293 464 2339 ut
476 2300 617 2362 premerer
630 2284 711 2344 sacri

154 2364 314 2438 Luamque,
326 2360 483 2437 conatuque
494 2377 597 2440 myrto,

193 2443 259 2502 Non
267 2444 326 2500 sine
337 2441 390 2501 Dis
400 2444 543 2501 animosus
552 2445 652 2503 infans.
864 2446 905 2500 20

114 2519 225 2597 Vester,
240 2522 401 2595 Camoenae,
413 2532 505 2579 vester
518 2524 546 2582 in
554 2526 655 2582 arduos

116 2596 216 2657 ‘Polior
229 2600 361 2659 Sabinos:
383 2620 431 2660 seu
444 2600 512 2659 mihi
526 2604 652 2680 frigidum

154 2676 309 2754 Praeneste,
318 2697 368 2738 seu
380 2680 471 2739 'libur
482 2683 623 2758 supinum,
720 2694 724 2699 “

196 2755 250 2813 Seu
260 2757 374 2832 liquidae
388 2759 520 2835 placuere
533 2761 626 2819 Baiae:

147 2921 161 2945 “
173 2919 207 2969 Et
214 2921 299 2967 videor
306 2923 408 2980 piorum.
439 2921 517 2974 Aaou.
582 2926 709 2978 iNunicis
719 2930 789 2975 enirn
798 2926 878 2975 limen.

149 2982 367 3039 zliiniiuusetlulu⁸
400 2986 480 3036 Bentl.
954 2994 958 3001 “
