2009 3334
474 155 543 228 160

342 412 344 417 ’
389 399 563 460 CARMEN
583 400 635 462 Vl.
683 434 697 454 κ

392 587 438 634 AD
454 588 621 637 ROMANOS.

111 759 272 837 Rcligiouis
303 765 483 835 contemptum
516 767 543 818 et
558 761 561 766 ’
575 779 684 820 sumum
712 764 908 841 corruptelam

248 836 374 899 omxiiuo
386 840 529 899 Romanis
540 841 618 899 malo
627 839 765 900 intulisse.

110 1005 296 1066 DELICTA
308 1009 445 1085 majorum
460 1008 612 1068 immeritus
624 1006 694 1083 lues,

106 1086 247 1163 Romane,
259 1089 348 1145 donec
361 1089 467 1164 templa
479 1088 617 1160 refeceris,

146 1167 290 1241 AEdesque
304 1168 427 1224 labentes
441 1167 578 1239 Deorum,
586 1174 619 1222 ‘et

188 1246 213 1304 F
215 1248 281 1304 oedu
294 1247 372 1322 nigro
384 1244 553 1319 simulachra
565 1246 651 1302 fumo.

105 1324 161 1383 Dis
175 1336 202 1383 te
215 1327 350 1384 minorem
363 1326 440 1400 quiid
454 1327 538 1401 geris,
550 1324 672 1399 imperas
686 1346 693 1381 ε
709 1378 712 1389 ,
884 1336 903 1387 5

105 1403 182 1463 ilino
195 1425 278 1463 otone
292 1406 472 1483 principium,
484 1406 541 1463 hdo
555 1406 627 1473 teser
639 1405 753 1465 exitum.

144 1483 185 1543 Di
194 1486 281 1544 multa
294 1486 411 1562 neglecti
426 1488 562 1545 dederunt

185 1565 335 1640 Hesperiae
349 1566 424 1624 mola
433 1567 579 1624 luctuosae.

102 1643 167 1702 Jam
182 1646 223 1701 bis
235 1645 389 1721 Monaeses,
405 1657 432 1703 et
448 1644 546 1719 Pacori
556 1662 653 1709 mantis

102 1722 167 1780 Non
177 1727 338 1799 auspicatos
351 1725 476 1789 contudit
488 1727 610 1802 impetus
623 1736 629 1751 ⁸

140 1803 272 1877 Nostros,
286 1816 314 1861 et
326 1806 463 1881 adjecisse
477 1808 605 1881 praedam

183 1882 344 1957 Torquibus
357 1886 463 1961 exiguis
477 1887 584 1943 renidet

100 1959 177 2016 Pone
187 1973 352 2034 occupatam
367 1965 549 2022 seditionibus

100 2038 212 2095 Delevit
224 2039 322 2094 urbem
335 2040 441 2113 Dacus,
453 2053 482 2098 et
490 2043 642 2120 AEthiops3

139 2115 196 2175 Hic
209 2114 297 2173 classe
310 2117 484 2194 formidatus,
496 2120 544 2176 ille

179 2195 336 2255 Missilibus
351 2196 449 2252 melior
462 2198 579 2272 sagittis,

100 2276 246 2337 Foecunda
255 2274 346 2353 culpae
360 2274 475 2353 saecula,
488 2280 600 2353 nuptias

99 2355 223 2439 Primum
238 2357 429 2432 inquinnvdre,
442 2367 473 2427 ete
481 2375 579 2434 genus,
591 2370 619 2417 et
632 2362 748 2419 domos:

52 2474 61 2491 κ
137 2435 202 2495 Hoc
213 2441 289 2496 lonte
297 2437 421 2495 derivata
433 2436 528 2495 clades

176 2515 228 2573 In*
242 2520 360 2593 patriam
375 2516 563 2594 populumque
577 2519 666 2575 fluxit.

96 2587 192 2648 Motus
202 2597 295 2653 doceri
308 2599 412 2673 gaudet
425 2597 536 2655 Ionicos

96 2664 210 2728 Matura
223 2675 311 2749 virgo,
324 2690 352 2734 et
366 2677 493 2752 fingitur't
506 2677 617 2732 attubus

222 2837 234 2860 ⁴*
246 2835 321 2895 Inque
332 2834 606 2900 patres-populumque.'
627 2830 705 2888 Boutl.

222 2900 233 2951 l.
246 2898 278 2944 Iu
285 2899 383 2960 tingitur
392 2905 489 2952 artibus.
