2009 3334
438 125 511 197 tou

286 357 291 363 ’
340 353 516 413 CARMEN
536 350 604 410 Vll.

353 523 401 570 AD
418 518 591 569 ASTERIEN.

77 669 199 730 Solatur
209 669 343 729 Asterien
358 668 393 727 de
405 666 503 723 meriti
516 664 656 737 amentio,
668 663 821 738 solicitum,
841 673 871 722 et

195 760 228 810 ut
240 752 271 808 io
283 745 414 825 rjuefide
421 753 587 823 perseveret
599 744 740 809 iunctm.

78 894 180 963 QUID
193 893 253 964 fles',
262 888 386 965 Asterie,
399 909 483 965 quem
492 890 544 948 tibi
557 888 668 947 candidi

76 973 171 1033 Primo
180 973 322 1031 restituent
334 989 400 1047 vere
418 969 538 1031 Favonii
593 1032 596 1043 f

117 1053 327 1127 Thynei'merce
336 1053 460 1126 beatum,

154 1131 335 1190 Constantis*
343 1132 478 1208 juvenem
492 1130 548 1195 lide

76 1212 196 1288 Gygen?
224 1211 277 1269 Ille
287 1211 370 1269 Notis
383 1223 461 1268 actus
470 1211 507 1266 ad
520 1209 647 1285 Oricum,
848 1216 865 1272 5
951 1279 957 1285 .

74 1292 143 1350 Post
155 1293 253 1353 insana
268 1292 373 1369 Caprae
383 1291 485 1366 sidera,
498 1288 612 1369 frigidas

112 1370 229 1451 Noctes,
242 1391 297 1430 non
307 1375 367 1430 sine
379 1370 474 1429 multis

153 1451 468 1528 Insornnislachrymis,
481 1455 548 1530 agit.
636 1507 638 1512 .
680 1502 689 1519 ,

72 1533 163 1610 Atqui
173 1536 291 1594 solicitae
301 1535 412 1591 nuntius
425 1531 557 1608 hospitae,

75 1612 220 1690 Suspirare
235 1614 359 1688 Chloen,
371 1625 399 1672 et
412 1614 543 1673 miseram
553 1614 608 1672 tuis

114 1693 221 1753 Dicens
229 1697 337 1772 ignibus
350 1697 403 1768 uri,

156 1774 260 1834 Tentat
273 1774 349 1832 mille
359 1776 436 1833 valer
449 1775 550 1835 modis.

74 1850 115 1910 Ut
128 1854 254 1914 Proetum
264 1855 362 1912 mulier
375 1856 483 1934 perlida
495 1853 637 1915 credulum

73 1931 167 1988 Falsis
180 1935 321 2007 impulerit
333 1936 505 2011 criminibus,
518 1935 600 1993 nimis

114 2009 202 2068 Casto
216 2012 425 2088 Bellerophonti

154 2091 297 2148 Maturare
310 2109 417 2166 necem,
430 2095 522 2150 refert.

74 2170 176 2231 Narrat
189 2172 261 2248 pene
274 2172 369 2227 datum
384 2170 467 2228 Pelea
480 2171 612 2249 Tartaro,

72 2252 252 2330 Magnessam
264 2248 441 2326 Hippolyten
450 2253 517 2309 dum
530 2252 599 2328 sugit
611 2255 767 2316 abstinens:

116 2334 155 2392 Et
165 2349 283 2410 peccare
296 2333 426 2388 docentes

152 2414 177 2470 F
178 2411 268 2471 allaxl
281 2410 427 2490 historiasl
439 2425 544 2489 monet,

74 2490 206 2550 Frustra:
226 2513 292 2551 nam
305 2495 427 2570 scopulis
438 2495 548 2552 surdior
556 2495 629 2554 Icari

75 2570 169 2629 Voces
181 2576 269 2646 audit,
282 2572 372 2631 adhuc
384 2575 498 2650 integer.
538 2575 590 2650 At,
600 2575 651 2634 tibi

114 2650 158 2706 Ne
167 2651 274 2707 vicinus
287 2653 413 2729 Enipeus

155 2727 221 2786 Plus
226 2731 303 2806 justo
315 2731 435 2807 placeat,
448 2750 532 2793 cave:

105 2897 117 2919 t
130 2893 443 2954 Constantijavenemficte.
508 2897 735 2947 tFallaxhistorins
743 2910 830 2947 morer.

108 2959 120 3010 ἓ
132 2956 216 3006 Pellnx
226 2957 339 3010 historias
350 2969 437 3009 moret.
469 2959 547 3011 Bcutl.

204 3182 217 3217 u
