2009 3334
490 185 540 259 94

392 423 566 484 CARMEN
585 372 641 482 111.

330 612 376 659 AD
393 611 543 667 QUINTUM
562 607 718 669 antivia]

123 784 199 845 Vitoe
203 783 379 863 felicitatem
390 783 421 839 in
433 779 737 859 matisamtabilitate
749 781 908 843 eitonam

316 862 506 939 vohtptatibus
508 863 633 941 positam
642 880 710 921 etse.

121 1049 280 1117 AEQUAM
293 1060 433 1108 memento
445 1051 526 1105 rebus
539 1049 568 1106 iu
581 1050 674 1109 arduis

122 1132 238 1187 Servare
250 1140 390 1202 mentem3
411 1147 466 1185 non
479 1126 577 1185 secus*
590 1129 619 1185 in
632 1128 711 1197 bonis

160 1210 208 1266 Ab
222 1206 349 1267 insolenti
361 1218 544 1284 temperatam

202 1287 336 1360 Laetitia3
356 1290 487 1345 moriture
500 1285 584 1344 Deli:

119 1367 175 1425 Seu
189 1377 307 1424 moestus
319 1368 396 1425 omni
409 1377 536 1442 tempore
547 1365 659 1438 vixeris,

122 1447 177 1506 Seu
191 1459 218 1505 te
232 1447 260 1503 in
273 1458 381 1503 remoto
393 1449 517 1522 gramine
530 1463 580 1520 per
592 1446 652 1501 dies
700 1474 704 1483 ·

160 1527 262 1586 Festos
274 1526 438 1584 reclinatum
452 1526 542 1583 bairis

202 1604 337 1665 Interiora
347 1607 411 1663 noti
424 1603 556 1677 Falern13

99 1704 101 1711 ’
120 1684 202 1752 Quot
216 1687 298 1762 pines
311 1687 418 1760 ingens,
431 1685 550 1759 albaque
562 1679 681 1758 populus

120 1764 260 1824 Umbram
269 1765 437 1839 hospitalem
450 1762 610 1823 consociare
619 1771 714 1819 amant
876 1768 915 1819 10

160 1845 271 1918 Remis,
283 1857 311 1902 et
324 1846 437 1919 obliquo
450 1844 558 1903 laborat
658 1894 661 1913 ⁴
919 1838 932 1850 “

127 1977 130 1984 .
201 1924 335 1998 Lympha
348 1926 431 1998 fugax
444 1925 584 2000 trepidare
597 1921 667 1979 rivo.

121 2001 186 2058 Huc
201 2004 276 2074 vina,
288 2017 316 2057 et
329 2014 478 2077 unguente,
491 2014 519 2060 et
532 2002 647 2058 nimium
657 2001 748 2059 brevis

123 2078 220 2137 Floras
233 2097 360 2136 amoenos
375 2083 444 2139 terre
453 2083 523 2157 jube
535 2098 627 2136 rosae:

161 2158 239 2215 Dum
252 2176 307 2230 res,
320 2170 347 2214 et
361 2172 441 2231 aetas,
453 2171 482 2216 et
494 2176 620 2215 sororum

201 2237 264 2296 Fila
276 2238 360 2294 trium
376 2239 517 2312 patiantur
529 2248 598 2297 atra.

122 2319 215 2377 Cedes
227 2317 347 2375 coemtis
361 2318 487 2390 saltibus,
499 2328 527 2373 et
540 2316 634 2392 domo,

122 2400 266 2474 vittaque,
275 2398 363 2455 flavus
374 2416 458 2472 quam
469 2396 581 2454 Tiberis
590 2396 668 2471 lavit,

161 2478 272 2550 Cedes3
292 2490 320 2535 et
335 2479 480 2535 exstructis
492 2478 521 2534 in
535 2475 621 2534 altum

201 2557 315 2614 Divitiis
329 2559 449 2633 potietur
461 2557 562 2616 haeres.

123 2634 256 2709 Divesne,
270 2639 362 2711 prisco
374 2648 453 2694 natus
463 2639 499 2695 ab
513 2634 628 2707 Inacho,

122 2712 170 2769 Nil
182 2713 307 2785 interest,
319 2733 355 2770 an
370 2735 485 2789 pauper,
498 2727 527 2772 et
538 2715 645 2786 infimi,

162 2791 207 2846 De
216 2802 307 2864 gente,
316 2794 384 2869 sub‡
393 2797 439 2851 dio
450 2794 576 2866 moreris,

202 2868 326 2926 Victima
338 2870 377 2927 nil
390 2872 548 2930 miserantis
561 2870 640 2929 Orci.

156 3031 169 3058 ³⁶
182 3032 236 3080 Non
246 3048 315 3081 secus
327 3036 443 3083 achonis.
486 3037 494 3085 t
506 3034 543 3085 Δί.
555 3034 615 3091 Qua.
659 3036 669 3093 i
682 3030 796 3084 subdivo
805 3035 915 3083 moreris.
