2009 3334
468 87 562 210 ‘aaa

127 274 349 354 Defunctumque
361 279 501 341 laboribus

166 356 278 432 AEquali
291 373 396 418 recreat
408 373 482 420 torte
494 361 622 435 vicariup.

125 431 187 493 Illic
201 449 288 495 matre
300 442 456 498 carentibus

141 535 145 542 ⁴
166 514 302 592 Privignis
315 520 413 578 mulier
424 531 559 598 temperat
570 521 718 597 iunocens3

125 592 185 652 Nec
198 596 293 654 dotata
305 599 475 674 regitvirum
913 631 918 634 ·

164 672 287 753 conjux,
299 695 350 735 nec
363 679 449 736 nitido
462 678 522 736 fidit
535 678 669 740 adultero.
872 693 920 747 20

58 761 61 764 ’
123 750 184 809 Dos
197 767 238 813 cst
251 760 514 833 magneparentium

164 831 270 910 Virtus,
278 846 305 892 et
319 848 441 896 metuens
453 837 565 897 alterius
578 841 630 899 viri

123 910 210 970 Certo
223 915 327 971 sundere
339 919 450 977 castitas
462 936 469 974 :

162 992 201 1050 Et
214 1010 330 1067 peccare
341 1000 430 1074 nefas,
442 1009 489 1057 aut
502 1000 621 1075 pretinm
632 1008 675 1059 est
687 1003 767 1060 mori.
811 1033 812 1036 ¹

121 1067 186 1128 02¹*
207 1072 329 1147 quisquis
342 1076 415 1135 volet
433 1078 534 1154 impias
872 1088 916 1147 2⁵

161 1146 274 1225 Caedes,
286 1164 314 1210 et
326 1156 432 1214 rabiem
445 1157 541 1216 tollere
553 1158 692 1238 civicam3
899 1178 904 1186 '

120 1225 149 1285 si
167 1241 273 1300 quaeret
287 1230 391 1293 Panna
406 1235 524 1297 Unurunr

140 1333 142 1338 .
160 1305 299 1367 Subscribi
312 1316 410 1373 statuis
422 1337 431 1390 3
452 1318 614 1377 indomitam
627 1322 728 1380 audeat

118 1383 282 1447 Refrenare
294 1392 434 1455 licentiam

111 1488 113 1492 ⁴
158 1464 275 1528 Clarus'c
288 1467 468 1550 postgenitis:
489 1482 634 1560 quatenus,
647 1480 700 1538 heu
713 1481 809 1541 nefas!
870 1492 914 1548 30

118 1544 257 1607 Virtutem
271 1553 436 1613 incolumem
449 1559 569 1631 odimus,
748 1571 752 1592 ⁸

158 1626 299 1689 Sublatam
313 1647 347 1688 ex
359 1635 445 1691 oculis
458 1636 609 1706 quaerirnus
622 1640 719 1700 invidi.

116 1705 192 1775 Quid
204 1710 296 1768 tristes
313 1713 492 1785 querimoniae

155 1786 183 1843 Si
198 1807 253 1846 uon
264 1792 404 1867 supplicio
416 1793 498 1871 culpa
514 1799 668 1858 reciditur?

117 1864 192 1932 Quid
206 1867 278 1943 leges
291 1870 351 1927 sine
364 1876 487 1932 moribus
505 1887 507 1890 ’
868 1892 910 1946 35

55 1949 59 1956 ’
157 1943 247 2002 Vanae
260 1949 421 2028 proliciunt,
430 1955 453 2011 si
466 1973 556 2031 neque
569 1957 679 2018 fervidis

75 2077 81 2094 ‚
116 2018 184 2077 Pars
196 2023 302 2082 inclusa
315 2029 451 2092 caloribus

154 2096 264 2172 Mundi,
277 2122 328 2161 nec
342 2106 440 2169 Boreae
453 2111 599 2173 finitimum
612 2119 679 2178 latur

116 2174 305 2259 Durutaequu
318 2184 378 2240 solo
391 2188 468 2244 nives

154 2256 339 2321 Mercaturem
353 2265 490 2342 abigunt?
510 2268 623 2333 horrida
636 2278 721 2338 calliu'
864 2291 910 2345 40

114 2333 237 2398 Vincunt
251 2361 363 2418 aequora
376 2346 479 2405 navitae
492 2350 506 2407 i

153 2418 287 2497 Magnudr
301 2426 447 2502 pauperies
459 2434 641 2512 opprobrium
650 2433 731 2516 jubet

114 2492 232 2563 Quidvis
245 2514 272 2560 et
285 2505 374 2562 lacere
386 2516 414 2563 et
426 2509 496 2583 pati,

155 2575 327 2658 Virtutisque
339 2586 429 2661 viamlt
443 2591 544 2648 deserit
557 2595 661 2653 arduae.

114 2648 167 2711 Vel
181 2673 232 2714 nos
244 2660 272 2717 in
286 2660 467 2743 Capitolium,
860 2689 902 2739 45

152 2730 218 2798 Qun
228 2735 335 2799 clamor
343 2757 425 2802 vocat
433 2758 461 2803 et
470 2751 550 2809 turba
559 2752 718 2831 faventium,

143 2898 157 2925 ⁴
172 2901 262 2963 Oquis,
273 2909 325 2968 quis
336 2914 406 2963 velet.
423 2915 501 2967 Bcrrtl.
587 2924 597 2971 l
615 2923 693 2972 Carus
701 2929 852 2987 postgentriu

145 2962 156 3016 l
172 2963 317 3031 Duratreque
327 2976 390 3035 gelu.
405 2978 483 3031 Rantl.
573 2983 586 3046 ll
604 2986 673 3035 Viam
683 2991 802 3039 deserere.
814 2992 901 3046 Benll.
