<?xml version="1.0" encoding="UTF-8"?>
<!DOCTYPE html PUBLIC "-//W3C//DTD XHTML 1.0 Transitional//EN"
    "http://www.w3.org/TR/xhtml1/DTD/xhtml1-transitional.dtd">
<html xmlns="http://www.w3.org/1999/xhtml" xml:lang="en" lang="en">
 <head>
  <title>
</title>
<meta http-equiv="Content-Type" content="text/html;charset=utf-8" />
  <meta name='ocr-system' content='tesseract 3.04.00' />
  <meta name='ocr-capabilities' content='ocr_page ocr_carea ocr_par ocr_line ocrx_word'/>
</head>
<body>
  <div class='ocr_page' id='page_1' title='image "./workshoracetran00frangoog_0056.png"; bbox 0 0 2009 3334; ppageno 0'>
   <div class='ocr_carea' id='block_1_1' title="bbox 113 260 684 741">
    <p class='ocr_par' dir='ltr' id='par_1_1' title="bbox 113 260 684 741">
     <span class='ocr_line' id='line_1_1' title="bbox 120 260 569 339; baseline -0.004 -16"><span class='ocrx_word' id='word_1_1' title='bbox 120 262 179 323; x_wconf 79' lang='lat' dir='ltr'>Hrc</span> <span class='ocrx_word' id='word_1_2' title='bbox 192 263 346 323; x_wconf 78' lang='lat' dir='ltr'>innocentis</span> <span class='ocrx_word' id='word_1_3' title='bbox 359 260 461 339; x_wconf 80' lang='lat' dir='ltr'>pocula</span> <span class='ocrx_word' id='word_1_4' title='bbox 473 261 569 323; x_wconf 80' lang='lat' dir='ltr'>Lesbii</span> 
     </span>
     <span class='ocr_line' id='line_1_2' title="bbox 116 341 650 417; baseline 0.002 -15"><span class='ocrx_word' id='word_1_5' title='bbox 116 342 212 402; x_wconf 79' lang='lat' dir='ltr'>Duces</span> <span class='ocrx_word' id='word_1_6' title='bbox 224 343 277 417; x_wconf 77' lang='lat' dir='ltr'>sub</span> <span class='ocrx_word' id='word_1_7' title='bbox 290 346 388 403; x_wconf 84' lang='lat' dir='ltr'>umbra</span> <span class='ocrx_word' id='word_1_8' title='bbox 402 362 412 402; x_wconf 78' lang='lat' dir='ltr'>r</span> <span class='ocrx_word' id='word_1_9' title='bbox 429 361 481 402; x_wconf 83' lang='lat' dir='ltr'>nec</span> <span class='ocrx_word' id='word_1_10' title='bbox 496 341 650 403; x_wconf 81' lang='lat' dir='ltr'>Semeleius</span> 
     </span>
     <span class='ocr_line' id='line_1_3' title="bbox 155 421 671 498; baseline 0 -16"><span class='ocrx_word' id='word_1_11' title='bbox 155 421 230 482; x_wconf 82' lang='lat' dir='ltr'>Cum</span> <span class='ocrx_word' id='word_1_12' title='bbox 244 423 338 480; x_wconf 81' lang='lat' dir='ltr'>Marte</span> <span class='ocrx_word' id='word_1_13' title='bbox 351 425 502 483; x_wconf 81' lang='lat' dir='ltr'>confundet</span> <span class='ocrx_word' id='word_1_14' title='bbox 516 423 671 498; x_wconf 80' lang='lat' dir='ltr'><strong>Thyoneus</strong></span> 
     </span>
     <span class='ocr_line' id='line_1_4' title="bbox 196 502 684 580; baseline 0.004 -21"><span class='ocrx_word' id='word_1_15' title='bbox 196 502 318 563; x_wconf 81' lang='lat' dir='ltr'>Praelia:</span> <span class='ocrx_word' id='word_1_16' title='bbox 339 523 390 562; x_wconf 83' lang='lat' dir='ltr'>nee</span> <span class='ocrx_word' id='word_1_17' title='bbox 404 516 510 562; x_wconf 81' lang='lat' dir='ltr'>metues</span> <span class='ocrx_word' id='word_1_18' title='bbox 524 515 684 580; x_wconf 85' lang='lat' dir='ltr'>protervum</span> 
     </span>
     <span class='ocr_line' id='line_1_5' title="bbox 115 580 655 661; baseline 0.002 -21"><span class='ocrx_word' id='word_1_19' title='bbox 115 580 251 659; x_wconf 76' lang='lat' dir='ltr'>Suspecta</span> <span class='ocrx_word' id='word_1_20' title='bbox 267 583 383 659; x_wconf 84' lang='lat' dir='ltr'>Cyrum,</span> <span class='ocrx_word' id='word_1_21' title='bbox 397 602 448 641; x_wconf 89' lang='lat' dir='ltr'>nec</span> <span class='ocrx_word' id='word_1_22' title='bbox 462 582 536 641; x_wconf 67' lang='lat' dir='ltr'>mali</span> <span class='ocrx_word' id='word_1_23' title='bbox 550 585 655 661; x_wconf 82' lang='lat' dir='ltr'>dispari</span> 
     </span>
     <span class='ocr_line' id='line_1_6' title="bbox 113 660 566 741; baseline -0.002 -20"><span class='ocrx_word' id='word_1_24' title='bbox 113 660 324 723; x_wconf 82' lang='lat' dir='ltr'>Inoouriuentes</span> <span class='ocrx_word' id='word_1_25' title='bbox 337 664 444 741; x_wconf 82' lang='lat' dir='ltr'>injiciat</span> <span class='ocrx_word' id='word_1_26' title='bbox 457 682 566 738; x_wconf 81' lang='lat' dir='ltr'>manus,</span> 
     </span>
    </p>
   </div>
   <div class='ocr_carea' id='block_1_2' title="bbox 154 739 701 901">
    <p class='ocr_par' dir='ltr' id='par_1_2' title="bbox 154 739 701 901">
     <span class='ocr_line' id='line_1_7' title="bbox 154 739 628 803; baseline 0.008 -4"><span class='ocrx_word' id='word_1_27' title='bbox 154 739 194 801; x_wconf 87' lang='lat' dir='ltr'>Et</span> <span class='ocrx_word' id='word_1_28' title='bbox 206 745 314 803; x_wconf 88' lang='lat' dir='ltr'>scindat</span> <span class='ocrx_word' id='word_1_29' title='bbox 328 743 628 803; x_wconf 81' lang='lat' dir='ltr'>baerentemcoronam</span> 
     </span>
     <span class='ocr_line' id='line_1_8' title="bbox 193 821 701 901; baseline 0.004 -21"><span class='ocrx_word' id='word_1_30' title='bbox 193 821 336 899; x_wconf 82' lang='lat' dir='ltr'>CrInibus,</span> <span class='ocrx_word' id='word_1_31' title='bbox 344 824 570 901; x_wconf 84' lang='lat' dir='ltr'>immeritamque</span> <span class='ocrx_word' id='word_1_32' title='bbox 585 835 701 884; x_wconf 85' lang='lat' dir='ltr'>vestem.</span> 
     </span>
    </p>
   </div>
   <div class='ocr_carea' id='block_1_3' title="bbox 730 990 759 1004">
    <p class='ocr_par' dir='ltr' id='par_1_3' title="bbox 730 990 759 1004">
     <span class='ocr_line' id='line_1_9' title="bbox 730 990 759 1004; baseline 0 0"><span class='ocrx_word' id='word_1_33' title='bbox 730 990 759 1004; x_wconf 55' lang='grc' dir='ltr'>Α</span> 
     </span>
    </p>
   </div>
   <div class='ocr_carea' id='block_1_4' title="bbox 358 1157 671 1219">
    <p class='ocr_par' dir='ltr' id='par_1_4' title="bbox 358 1157 671 1219">
     <span class='ocr_line' id='line_1_10' title="bbox 358 1157 671 1219; baseline 0.003 -2"><span class='ocrx_word' id='word_1_34' title='bbox 358 1157 534 1219; x_wconf 82' lang='lat' dir='ltr'><strong>CARMEN</strong></span> <span class='ocrx_word' id='word_1_35' title='bbox 556 1159 671 1219; x_wconf 87' lang='lat' dir='ltr'><strong>XVIII.</strong></span> 
     </span>
    </p>
   </div>
   <div class='ocr_carea' id='block_1_5' title="bbox 225 1325 607 1375">
    <p class='ocr_par' dir='ltr' id='par_1_5' title="bbox 225 1325 607 1375">
     <span class='ocr_line' id='line_1_11' title="bbox 225 1325 607 1375; baseline 0.005 -2"><span class='ocrx_word' id='word_1_36' title='bbox 225 1343 230 1352; x_wconf 94' lang='lat'>·</span> <span class='ocrx_word' id='word_1_37' title='bbox 328 1336 330 1341; x_wconf 83' lang='grc'><strong>“</strong></span> <span class='ocrx_word' id='word_1_38' title='bbox 417 1327 464 1374; x_wconf 82' lang='lat' dir='ltr'>AD</span> <span class='ocrx_word' id='word_1_39' title='bbox 480 1325 607 1375; x_wconf 82' lang='lat' dir='ltr'>vnRUM.</span> 
     </span>
    </p>
   </div>
   <div class='ocr_carea' id='block_1_6' title="bbox 114 1476 961 1618">
    <p class='ocr_par' dir='ltr' id='par_1_6' title="bbox 114 1476 961 1618">
     <span class='ocr_line' id='line_1_12' title="bbox 114 1476 961 1556; baseline -0.004 -18"><span class='ocrx_word' id='word_1_40' title='bbox 114 1476 255 1539; x_wconf 76' lang='lat' dir='ltr'>Miserum</span> <span class='ocrx_word' id='word_1_41' title='bbox 268 1496 328 1536; x_wconf 81' lang='lat' dir='ltr'>esse</span> <span class='ocrx_word' id='word_1_42' title='bbox 342 1477 540 1538; x_wconf 68' lang='lat' dir='ltr'>abs-remuriam</span> <span class='ocrx_word' id='word_1_43' title='bbox 560 1480 657 1556; x_wconf 83' lang='lat' dir='ltr'>vitum,</span> <span class='ocrx_word' id='word_1_44' title='bbox 675 1478 848 1538; x_wconf 80' lang='lat' dir='ltr'>ebriosorum</span> <span class='ocrx_word' id='word_1_45' title='bbox 860 1480 911 1536; x_wconf 82' lang='lat' dir='ltr'>nri·</span> <span class='ocrx_word' id='word_1_46' title='bbox 957 1488 961 1503; x_wconf 68' lang='lat'>¹</span> 
     </span>
     <span class='ocr_line' id='line_1_13' title="bbox 439 1577 584 1618; baseline -0.007 0"><span class='ocrx_word' id='word_1_47' title='bbox 439 1577 584 1618; x_wconf 74' lang='lat' dir='ltr'>seriorem.</span> 
     </span>
    </p>
   </div>
   <div class='ocr_carea' id='block_1_7' title="bbox 111 1721 979 2923">
    <p class='ocr_par' dir='ltr' id='par_1_7' title="bbox 115 1721 909 1805">
     <span class='ocr_line' id='line_1_14' title="bbox 115 1721 909 1805; baseline -0.005 -20"><span class='ocrx_word' id='word_1_48' title='bbox 115 1726 144 1785; x_wconf 92' lang='lat' dir='ltr'>N</span> <span class='ocrx_word' id='word_1_49' title='bbox 148 1724 302 1802; x_wconf 81' lang='lat' dir='ltr'>ULLAM,</span> <span class='ocrx_word' id='word_1_50' title='bbox 313 1724 401 1803; x_wconf 77' lang='lat' dir='ltr'>Vane,</span> <span class='ocrx_word' id='word_1_51' title='bbox 414 1727 493 1785; x_wconf 70' lang='lat' dir='ltr'>sacra</span> <span class='ocrx_word' id='word_1_52' title='bbox 508 1721 564 1785; x_wconf 84' lang='lat' dir='ltr'>vite</span> <span class='ocrx_word' id='word_1_53' title='bbox 575 1727 653 1805; x_wconf 80' lang='lat' dir='ltr'>priris</span> <span class='ocrx_word' id='word_1_54' title='bbox 666 1725 770 1786; x_wconf 87' lang='lat' dir='ltr'>severis</span> <span class='ocrx_word' id='word_1_55' title='bbox 781 1725 909 1783; x_wconf 85' lang='lat' dir='ltr'>arborem</span> 
     </span>
    </p>

    <p class='ocr_par' dir='ltr' id='par_1_8' title="bbox 112 1804 805 1885">
     <span class='ocr_line' id='line_1_15' title="bbox 112 1804 805 1885; baseline -0.006 -20"><span class='ocrx_word' id='word_1_56' title='bbox 112 1806 198 1865; x_wconf 83' lang='lat' dir='ltr'>Circa</span> <span class='ocrx_word' id='word_1_57' title='bbox 212 1811 278 1866; x_wconf 86' lang='lat' dir='ltr'>ruite</span> <span class='ocrx_word' id='word_1_58' title='bbox 290 1810 381 1885; x_wconf 77' lang='lat' dir='ltr'>solum</span> <span class='ocrx_word' id='word_1_59' title='bbox 396 1804 520 1881; x_wconf 75' lang='lat' dir='ltr'>Tiburis,</span> <span class='ocrx_word' id='word_1_60' title='bbox 533 1819 564 1866; x_wconf 84' lang='lat' dir='ltr'>et</span> <span class='ocrx_word' id='word_1_61' title='bbox 577 1810 683 1866; x_wconf 75' lang='lat' dir='ltr'>muenia</span> <span class='ocrx_word' id='word_1_62' title='bbox 696 1806 782 1865; x_wconf 82' lang='lat' dir='ltr'>Catili</span> <span class='ocrx_word' id='word_1_63' title='bbox 798 1824 805 1860; x_wconf 92' lang='lat'>:</span> 
     </span>
    </p>

    <p class='ocr_par' dir='ltr' id='par_1_9' title="bbox 113 1885 858 1965">
     <span class='ocr_line' id='line_1_16' title="bbox 113 1885 858 1965; baseline -0.004 -22"><span class='ocrx_word' id='word_1_64' title='bbox 113 1885 201 1945; x_wconf 86' lang='lat' dir='ltr'>Siccis</span> <span class='ocrx_word' id='word_1_65' title='bbox 214 1890 309 1944; x_wconf 88' lang='lat' dir='ltr'>omnia</span> <span class='ocrx_word' id='word_1_66' title='bbox 321 1907 386 1945; x_wconf 89' lang='lat' dir='ltr'>nam</span> <span class='ocrx_word' id='word_1_67' title='bbox 401 1889 470 1953; x_wconf 88' lang='lat' dir='ltr'>dura</span> <span class='ocrx_word' id='word_1_68' title='bbox 484 1888 562 1946; x_wconf 84' lang='lat' dir='ltr'>Deus</span> <span class='ocrx_word' id='word_1_69' title='bbox 575 1888 723 1965; x_wconf 85' lang='lat' dir='ltr'>proposuit</span> <span class='ocrx_word' id='word_1_70' title='bbox 737 1907 745 1944; x_wconf 75' lang='grc' dir='ltr'><strong><em>ε</em></strong></span> <span class='ocrx_word' id='word_1_71' title='bbox 766 1902 858 1959; x_wconf 80' lang='lat' dir='ltr'>neque</span> 
     </span>
    </p>

    <p class='ocr_par' dir='ltr' id='par_1_10' title="bbox 111 1958 728 2043">
     <span class='ocr_line' id='line_1_17' title="bbox 111 1958 728 2043; baseline 0 -20"><span class='ocrx_word' id='word_1_72' title='bbox 111 1964 262 2039; x_wconf 72' lang='lat' dir='ltr'>Mordaces</span> <span class='ocrx_word' id='word_1_73' title='bbox 273 1964 353 2025; x_wconf 82' lang='lat' dir='ltr'>aliter</span> <span class='ocrx_word' id='word_1_74' title='bbox 366 1958 513 2043; x_wconf 77' lang='lat' dir='ltr'>diffugiunt</span> <span class='ocrx_word' id='word_1_75' title='bbox 525 1968 728 2026; x_wconf 81' lang='lat' dir='ltr'>solicitudines.</span> 
     </span>
    </p>

    <p class='ocr_par' dir='ltr' id='par_1_11' title="bbox 112 2042 932 2199">
     <span class='ocr_line' id='line_1_18' title="bbox 112 2042 932 2124; baseline 0.005 -23"><span class='ocrx_word' id='word_1_76' title='bbox 112 2044 183 2112; x_wconf 80' lang='lat' dir='ltr'>Quis</span> <span class='ocrx_word' id='word_1_77' title='bbox 208 2056 271 2120; x_wconf 89' lang='lat' dir='ltr'>post</span> <span class='ocrx_word' id='word_1_78' title='bbox 292 2046 358 2102; x_wconf 88' lang='lat' dir='ltr'>vina</span> <span class='ocrx_word' id='word_1_79' title='bbox 382 2062 496 2121; x_wconf 82' lang='lat' dir='ltr'>gravem</span> <span class='ocrx_word' id='word_1_80' title='bbox 515 2045 656 2123; x_wconf 73' lang='lat' dir='ltr'>militumr,</span> <span class='ocrx_word' id='word_1_81' title='bbox 676 2058 724 2106; x_wconf 82' lang='lat' dir='ltr'>aut</span> <span class='ocrx_word' id='word_1_82' title='bbox 745 2042 908 2124; x_wconf 71' lang='lat' dir='ltr'>pauperiem</span> <span class='ocrx_word' id='word_1_83' title='bbox 930 2098 932 2105; x_wconf 89' lang='grc'><em>,</em></span> 
     </span>
     <span class='ocr_line' id='line_1_19' title="bbox 232 2124 907 2199; baseline 0.001 -18"><span class='ocrx_word' id='word_1_84' title='bbox 232 2136 329 2199; x_wconf 86' lang='lat' dir='ltr'>crepat</span> <span class='ocrx_word' id='word_1_85' title='bbox 345 2125 376 2182; x_wconf 72' lang='lat' dir='ltr'>P*</span> <span class='ocrx_word' id='word_1_86' title='bbox 433 2180 436 2185; x_wconf 80' lang='grc'>,</span> <span class='ocrx_word' id='word_1_87' title='bbox 635 2124 639 2127; x_wconf 79' lang='grc'>’</span> <span class='ocrx_word' id='word_1_88' title='bbox 890 2130 907 2182; x_wconf 83' lang='grc'>5</span> 
     </span>
    </p>

    <p class='ocr_par' dir='ltr' id='par_1_12' title="bbox 113 2201 909 2345">
     <span class='ocr_line' id='line_1_20' title="bbox 113 2201 909 2345; baseline -0.003 -81"><span class='ocrx_word' id='word_1_89' title='bbox 113 2203 185 2275; x_wconf 75' lang='lat' dir='ltr'>Quis</span> <span class='ocrx_word' id='word_1_90' title='bbox 203 2225 262 2345; x_wconf 59' lang='lat' dir='ltr'>nup</span> <span class='ocrx_word' id='word_1_91' title='bbox 272 2201 305 2260; x_wconf 80' lang='lat' dir='ltr'>‘te</span> <span class='ocrx_word' id='word_1_92' title='bbox 326 2204 432 2329; x_wconf 75' lang='lat' dir='ltr'>pptibs,</span> <span class='ocrx_word' id='word_1_93' title='bbox 456 2202 568 2264; x_wconf 86' lang='lat' dir='ltr'>Bacche</span> <span class='ocrx_word' id='word_1_94' title='bbox 586 2217 677 2284; x_wconf 82' lang='lat' dir='ltr'>pater,</span> <span class='ocrx_word' id='word_1_95' title='bbox 696 2217 790 2282; x_wconf 82' lang='lat' dir='ltr'>teque,</span> <span class='ocrx_word' id='word_1_96' title='bbox 810 2205 909 2263; x_wconf 85' lang='lat' dir='ltr'>decens</span> 
     </span>
     <span class='ocr_line' id='line_1_21' title="bbox 218 2301 352 2343; baseline 0 -1"><span class='ocrx_word' id='word_1_97' title='bbox 218 2328 220 2332; x_wconf 15' lang='grc' dir='ltr'><em>Α</em></span> <span class='ocrx_word' id='word_1_98' title='bbox 263 2301 331 2343; x_wconf 88' lang='lat' dir='ltr'>enus</span> <span class='ocrx_word' id='word_1_99' title='bbox 346 2331 352 2342; x_wconf 95' lang='lat'>.</span> 
     </span>
    </p>

    <p class='ocr_par' dir='ltr' id='par_1_13' title="bbox 111 2363 806 2443">
     <span class='ocr_line' id='line_1_22' title="bbox 111 2363 806 2443; baseline 0.003 -22"><span class='ocrx_word' id='word_1_100' title='bbox 111 2363 163 2440; x_wconf 88' lang='lat' dir='ltr'>At,</span> <span class='ocrx_word' id='word_1_101' title='bbox 176 2384 211 2425; x_wconf 88' lang='lat' dir='ltr'>ne</span> <span class='ocrx_word' id='word_1_102' title='bbox 225 2366 287 2443; x_wconf 85' lang='lat' dir='ltr'>quis</span> <span class='ocrx_word' id='word_1_103' title='bbox 302 2365 404 2424; x_wconf 86' lang='lat' dir='ltr'>modici</span> <span class='ocrx_word' id='word_1_104' title='bbox 417 2364 556 2424; x_wconf 88' lang='lat' dir='ltr'>transiliat</span> <span class='ocrx_word' id='word_1_105' title='bbox 569 2385 685 2424; x_wconf 88' lang='lat' dir='ltr'>munera</span> <span class='ocrx_word' id='word_1_106' title='bbox 698 2366 806 2440; x_wconf 81' lang='lat' dir='ltr'>LiberI,</span> 
     </span>
    </p>

    <p class='ocr_par' dir='ltr' id='par_1_14' title="bbox 112 2443 863 2523">
     <span class='ocr_line' id='line_1_23' title="bbox 112 2443 863 2523; baseline -0.003 -20"><span class='ocrx_word' id='word_1_107' title='bbox 112 2443 272 2505; x_wconf 82' lang='lat' dir='ltr'>Centaurea</span> <span class='ocrx_word' id='word_1_108' title='bbox 285 2455 380 2504; x_wconf 86' lang='lat' dir='ltr'>monet</span> <span class='ocrx_word' id='word_1_109' title='bbox 393 2464 457 2504; x_wconf 89' lang='lat' dir='ltr'>curn</span> <span class='ocrx_word' id='word_1_110' title='bbox 471 2445 603 2522; x_wconf 88' lang='lat' dir='ltr'>Lapithis</span> <span class='ocrx_word' id='word_1_111' title='bbox 616 2448 677 2504; x_wconf 83' lang='lat' dir='ltr'>rixa</span> <span class='ocrx_word' id='word_1_112' title='bbox 689 2464 773 2523; x_wconf 84' lang='lat' dir='ltr'>super</span> <span class='ocrx_word' id='word_1_113' title='bbox 786 2459 863 2503; x_wconf 83' lang='lat' dir='ltr'>mero</span> 
     </span>
    </p>

    <p class='ocr_par' dir='ltr' id='par_1_15' title="bbox 112 2522 815 2603">
     <span class='ocr_line' id='line_1_24' title="bbox 112 2522 815 2603; baseline 0.003 -20"><span class='ocrx_word' id='word_1_114' title='bbox 112 2522 282 2603; x_wconf 84' lang='lat' dir='ltr'>Debellata3</span> <span class='ocrx_word' id='word_1_115' title='bbox 305 2538 399 2585; x_wconf 84' lang='lat' dir='ltr'>monet</span> <span class='ocrx_word' id='word_1_116' title='bbox 413 2525 547 2586; x_wconf 79' lang='lat' dir='ltr'>Sithoniis</span> <span class='ocrx_word' id='word_1_117' title='bbox 561 2526 700 2584; x_wconf 83' lang='lat' dir='ltr'>noulevis</span> <span class='ocrx_word' id='word_1_118' title='bbox 714 2526 815 2601; x_wconf 66' lang='lat' dir='ltr'>airus,</span> 
     </span>
    </p>

    <p class='ocr_par' dir='ltr' id='par_1_16' title="bbox 113 2603 909 2684">
     <span class='ocr_line' id='line_1_25' title="bbox 113 2603 909 2684; baseline 0.003 -23"><span class='ocrx_word' id='word_1_119' title='bbox 113 2603 191 2662; x_wconf 84' lang='lat' dir='ltr'>Ciun</span> <span class='ocrx_word' id='word_1_120' title='bbox 204 2606 245 2662; x_wconf 78' lang='lat' dir='ltr'>sas</span> <span class='ocrx_word' id='word_1_121' title='bbox 255 2620 337 2683; x_wconf 88' lang='lat' dir='ltr'>atque</span> <span class='ocrx_word' id='word_1_122' title='bbox 348 2608 425 2668; x_wconf 83' lang='lat' dir='ltr'>nefas</span> <span class='ocrx_word' id='word_1_123' title='bbox 436 2608 536 2684; x_wconf 80' lang='lat' dir='ltr'>exiguo</span> <span class='ocrx_word' id='word_1_124' title='bbox 546 2607 602 2665; x_wconf 84' lang='lat' dir='ltr'>fine</span> <span class='ocrx_word' id='word_1_125' title='bbox 615 2606 762 2664; x_wconf 86' lang='lat' dir='ltr'>libidinum</span> <span class='ocrx_word' id='word_1_126' title='bbox 872 2609 909 2663; x_wconf 90' lang='lat'>10</span> 
     </span>
    </p>

    <p class='ocr_par' dir='ltr' id='par_1_17' title="bbox 112 2682 889 2765">
     <span class='ocr_line' id='line_1_26' title="bbox 112 2682 889 2765; baseline 0 -25"><span class='ocrx_word' id='word_1_127' title='bbox 112 2682 283 2744; x_wconf 81' lang='lat' dir='ltr'>Discernunt</span> <span class='ocrx_word' id='word_1_128' title='bbox 296 2687 381 2746; x_wconf 85' lang='lat' dir='ltr'>avidi.</span> <span class='ocrx_word' id='word_1_129' title='bbox 422 2686 488 2749; x_wconf 90' lang='lat' dir='ltr'>Non</span> <span class='ocrx_word' id='word_1_130' title='bbox 502 2707 554 2765; x_wconf 83' lang='lat' dir='ltr'>ego</span> <span class='ocrx_word' id='word_1_131' title='bbox 566 2699 605 2758; x_wconf 82' lang='lat' dir='ltr'>te,</span> <span class='ocrx_word' id='word_1_132' title='bbox 618 2688 729 2744; x_wconf 80' lang='lat' dir='ltr'>candite</span> <span class='ocrx_word' id='word_1_133' title='bbox 744 2686 889 2758; x_wconf 84' lang='lat' dir='ltr'>Bassareu,</span> 
     </span>
    </p>

    <p class='ocr_par' dir='ltr' id='par_1_18' title="bbox 113 2760 831 2842">
     <span class='ocr_line' id='line_1_27' title="bbox 113 2760 831 2842; baseline 0.001 -23"><span class='ocrx_word' id='word_1_134' title='bbox 113 2760 237 2822; x_wconf 88' lang='lat' dir='ltr'>Invitum</span> <span class='ocrx_word' id='word_1_135' title='bbox 252 2768 376 2841; x_wconf 87' lang='lat' dir='ltr'>quatiam</span> <span class='ocrx_word' id='word_1_136' title='bbox 390 2786 399 2842; x_wconf 86' lang='lat'><em>3</em></span> <span class='ocrx_word' id='word_1_137' title='bbox 419 2787 471 2826; x_wconf 83' lang='lat' dir='ltr'>neo</span> <span class='ocrx_word' id='word_1_138' title='bbox 484 2768 570 2824; x_wconf 76' lang='lat' dir='ltr'>vanis</span> <span class='ocrx_word' id='word_1_139' title='bbox 583 2767 676 2824; x_wconf 86' lang='lat' dir='ltr'>obsita</span> <span class='ocrx_word' id='word_1_140' title='bbox 687 2765 831 2822; x_wconf 77' lang='lat' dir='ltr'>frondibus</span> 
     </span>
    </p>

    <p class='ocr_par' dir='ltr' id='par_1_19' title="bbox 112 2840 979 2923">
     <span class='ocr_line' id='line_1_28' title="bbox 112 2840 979 2923; baseline -0.002 -21"><span class='ocrx_word' id='word_1_141' title='bbox 112 2844 169 2902; x_wconf 84' lang='lat' dir='ltr'>Sub</span> <span class='ocrx_word' id='word_1_142' title='bbox 184 2842 279 2904; x_wconf 78' lang='lat' dir='ltr'>dirum</span> <span class='ocrx_word' id='word_1_143' title='bbox 293 2848 411 2923; x_wconf 83' lang='lat' dir='ltr'>rapiam.</span> <span class='ocrx_word' id='word_1_144' title='bbox 454 2847 539 2905; x_wconf 83' lang='lat' dir='ltr'>Saeva</span> <span class='ocrx_word' id='word_1_145' title='bbox 551 2859 614 2904; x_wconf 84' lang='lat' dir='ltr'>tene</span> <span class='ocrx_word' id='word_1_146' title='bbox 629 2864 694 2905; x_wconf 82' lang='lat' dir='ltr'>uum</span> <span class='ocrx_word' id='word_1_147' title='bbox 706 2840 889 2921; x_wconf 74' lang='lat' dir='ltr'>Buecyuthro</span> <span class='ocrx_word' id='word_1_148' title='bbox 975 2916 979 2921; x_wconf 24' lang='lat'><strong>¹</strong></span> 
     </span>
    </p>
   </div>
   <div class='ocr_carea' id='block_1_8' title="bbox 439 2988 592 3051">
    <p class='ocr_par' dir='ltr' id='par_1_20' title="bbox 439 2988 592 3051">
     <span class='ocr_line' id='line_1_29' title="bbox 439 2988 592 3051; baseline 0 -15"><span class='ocrx_word' id='word_1_149' title='bbox 439 2988 452 3014; x_wconf 76' lang='lat'><strong>“</strong></span> <span class='ocrx_word' id='word_1_150' title='bbox 469 2988 592 3051; x_wconf 73' lang='lat' dir='ltr'>Increpat.</span> 
     </span>
    </p>
   </div>
   <div class='ocr_carea' id='block_1_9' title="bbox 0 0 1010 3334">
    <p class='ocr_par' dir='ltr' id='par_1_21' title="bbox 0 0 1010 3334">
     <span class='ocr_line' id='line_1_30' title="bbox 0 0 1010 3334; baseline 0 0"><span class='ocrx_word' id='word_1_151' title='bbox 0 0 1010 3334; x_wconf 95' lang='lat' dir='ltr'> </span> 
     </span>
    </p>
   </div>
  </div>
 </body>
</html>
