2009 3334
353 366 529 428 cnurrnu
549 327 681 431 xxxi.

391 535 437 584 AD
454 534 648 587 FORTUMM.

98 680 181 745 ‘Pro
199 684 353 765 republicf,
374 687 515 763 Augusto,
535 695 564 744 ct
586 688 724 751 Bouiania
745 691 917 755 exercitibus
1003 656 1004 697 i

426 766 600 847 deprecatur.

117 934 145 992 0
158 928 271 1008 mvn,
283 943 393 1011 gratum
407 949 472 1008 quae
485 935 558 1011 regis
572 936 701 1015 Antium,

117 1013 247 1072 Praesens
261 1014 306 1071 vel
318 1014 376 1071 imo
388 1014 486 1072 tollere
499 1017 535 1071 de
547 1020 635 1089 gradu

156 1092 279 1167 Mortale
293 1111 405 1170 corpus,
418 1093 463 1150 vel
476 1094 611 1169 superbos

195 1172 313 1232 Vertere
327 1174 467 1231 funeribus
479 1174 656 1250 triumphos:

55 1314 57 1335 Ι
117 1251 162 1310 'I'e
171 1272 279 1330 pauper
288 1253 377 1313 ambit
385 1251 506 1310 sollicita
514 1271 597 1331 prece

115 1332 346 1392 Ruriscolonus:
367 1344 394 1392 te
403 1333 548 1391 dominam
557 1337 690 1411 aequoris,

155 1412 322 1490 Quicunque
333 1412 457 1488 Bithynii
466 1412 577 1472 lacessit

196 1491 381 1570 Carpathium
396 1494 512 1569 pelagus
526 1495 632 1552 carinis.

115 1570 161 1629 Te
173 1571 270 1630 Dacus
283 1591 376 1650 asper,
388 1583 417 1630 te
427 1575 536 1651 profugi
551 1575 675 1649 Scytbae,

115 1653 273 1728 Urbesquc,
285 1664 447 1732 gentesque,
460 1663 488 1709 et
502 1655 616 1712 Latium
630 1657 717 1731 ferox,
877 1660 914 1715 10

153 1733 320 1809 Regumque
333 1744 435 1793 matres
447 1734 641 1810 barbarorum,
658 1746 686 1792 et

196 1813 331 1890 Purpurei
345 1823 469 1871 metuunt
482 1815 613 1891 tyranni:

114 1891 254 1969 Injurioso
267 1912 302 1951 ne
317 1896 390 1968 pede
403 1912 520 1970 proruas
796 1966 798 1969 Ι

115 1971 239 2028 Stantem
250 1973 427 2049 columnam,
447 1974 630 2051 neupopulus
643 1974 772 2050 frequens

153 2049 202 2106 Ad
215 2069 294 2108 arma
306 2064 460 2127 cessanteS,
473 2055 510 2110 ad
522 2073 602 2111 arma
839 2102 842 2107 .
873 2060 912 2112 15

195 2128 335 2205 Concitet,
348 2131 552 2207 imperiumque
565 2135 684 2210 frangat.

115 2208 161 2267 Te
173 2227 284 2287 semper
294 2210 400 2268 anteit*
413 2228 491 2267 saeva
504 2210 676 2290 Necessitas,

115 2289 221 2351 Clavus
234 2290 355 2369 trabales
367 2299 395 2348 et
408 2308 511 2349 cuneos
526 2310 610 2351 manu
666 2317 671 2336 ·

154 2370 277 2430 Gestaris
290 2371 398 2429 ahena:
419 2389 470 2428 uec
483 2390 597 2430 severus

100 2522 103 2527 b
195 2451 292 2511 Uncus
302 2454 390 2525 abest,
399 2450 590 2527 liquidumque
600 2452 756 2529 plumbum.
873 2443 931 2531 20,

115 2532 161 2594 Te
171 2530 253 2607 Spes,
261 2546 289 2590 et
301 2532 366 2590 albo
375 2549 439 2590 rara
449 2530 535 2590 Fides
544 2531 611 2589 colit

114 2611 218 2673 velata
227 2630 340 2689 pannu3
361 2630 412 2670 uec
425 2613 557 2670 comitem
570 2614 700 2689 abnegat,

151 2690 305 2766 'Utcunque
314 2693 559 2769 mutatbpotentes

194 2764 282 2828 Veste
291 2771 389 2829 domos
397 2770 526 2830 inimicat
539 2770 650 2846 linquis.
682 2818 686 2824 .

114 2849 155 2910 m
167 2848 266 2925 vulgus
280 2848 408 2928 infidum,
420 2862 447 2927 et
460 2851 592 2911 meretrix
604 2861 679 2909 retro
872 2857 911 2910 25

145 3018 160 3047 ⁸*
176 3013 253 3066 Serva
263 3013 411 3069 Necessitas·
469 3070 473 3077 ,
561 3015 689 3068 flnimica
700 3014 782 3064 rartir.
798 3015 879 3067 Bruti
