2009 3334
463 201 534 271 182

108 349 165 407 llic
178 348 236 406 dies
249 347 314 404 verb
327 345 395 405 milri
407 346 492 405 festus
505 357 579 406 atros

107 429 221 487 Eximet
236 445 334 485 curas:
354 444 407 503 ego
419 446 470 486 nec
483 428 640 502 tumultum,

106 508 167 566 Nec
180 508 250 565 mori
264 507 385 583 pervim
398 520 530 582 metuam,
542 519 652 567 tenente

187 586 304 645 Caesore
317 597 412 645 terras.

104 667 130 742 I,
142 678 207 744 pete
220 677 397 742 unguentum,
410 683 488 743 puer,
500 677 528 723 et
541 684 667 742 coronas,

70 801 72 806 ,
106 748 146 806 Εῑ
158 749 259 805 cadum
272 745 359 803 Marsi
373 762 525 802 memorem
538 745 641 820 duelli3

106 826 270 904 Spartacum
281 825 322 881 si*
332 823 388 898 qub
397 825 487 901 potuit
496 835 643 902 vagantem

184 905 294 964 Fallere
307 914 386 961 testa.

105 985 199 1044 Dicet
212 993 317 1059 argutae
330 996 461 1059 properet
473 983 586 1041 Neaerae

104 1064 268 1141 Myrrheum
282 1062 371 1119 nodol
384 1063 513 1120 cohibere
526 1064 650 1120 crinem:

105 1143 133 1201 Si
147 1161 197 1219 per
210 1141 330 1199 invisum
343 1161 422 1199 mora
430 1142 582 1217 janitorem

182 1221 256 1294 Fiet,
266 1221 351 1276 abito.

101 1300 186 1358 Lenit
199 1300 341 1357 albescens
354 1300 461 1370 apimos
474 1297 591 1375 capillus

103 1379 210 1437 Litium
222 1391 250 1438 et
262 1380 332 1437 rixae
345 1380 461 1457 cupidos
474 1390 623 1456 protervae.

103 1458 167 1519 Non
181 1476 232 1536 ego
244 1458 298 1517 hoc
312 1461 411 1520 ferrem
424 1458 664 1539 calidusjuventb,

184 1539 306 1599 Consule
319 1540 432 1598 Planco.
477 1581 484 1588 -

360 1817 535 1879 CARMEN
556 1816 624 1878 XV.

394 1925 429 2015 ru
446 1966 603 2016 commu.

153 2079 190 2140 Ut
202 2059 300 2139 saltem
311 2077 415 2155 uetula,
427 2079 557 2215 upquitioe
570 2097 605 2137 uo
618 2078 729 2138 libidini
740 2081 851 2141 modum

113 2161 116 2182 '
432 2166 553 2216 uoluat.
676 2165 692 2174 ”

102 2277 217 2339 UXOR
227 2277 358 2354 pauperis
366 2276 455 2353 Ibyci,

120 2359 129 2382 ³
142 2360 271 2418 'faudem
284 2356 431 2437 nequitiae‡
444 2356 498 2434 lige
511 2358 624 2415 modum
637 2369 704 2432 tuae,

102 2437 305 2517 Famosisque§
314 2437 469 2496 laboribus:

113 2547 115 2550 ·
141 2517 255 2577 Maturo
267 2519 392 2594 propior,
404 2519 510 2594 desine,
518 2516 606 2576 funeri
864 2589 868 2601 ⁹

1 2615 2 2618 ¹
101 2595 177 2654 Inter
190 2596 284 2655 ludere
296 2599 427 2674 virgines,
538 2627 544 2635 =
874 2605 893 2657 5

115 2677 123 2703 ’·
141 2675 180 2733 Et
189 2676 276 2734 stellis
289 2678 418 2736 nebulam
430 2691 561 2755 spargere
573 2676 706 2734 candidis.

100 2753 166 2812 Non
175 2755 198 2811 si
209 2755 276 2829 quid
285 2753 412 2814 Pholoiin
421 2758 498 2830 sutis,

141 2833 181 2891 Et
193 2844 232 2908 te,
244 2830 352 2908 Chlori,
365 2837 461 2893 decet:
481 2835 540 2892 fitia
552 2834 655 2892 rectius

134 3000 147 3024 *
164 2995 190 3045 Si
202 3012 262 3057 que.
294 2997 303 3046 l
322 2996 462 3044 cohibente.
479 2997 559 3045 Bentl.
591 2998 687 3056 ssPooe
698 2997 797 3046 modum
807 3006 863 3047 tuae.

133 3058 147 3121 ,l
164 3060 322 3120 Pomosisque
332 3060 459 3109 coloribus.
477 3059 559 3109 Helui.
