<?xml version="1.0" encoding="UTF-8"?>
<!DOCTYPE html PUBLIC "-//W3C//DTD XHTML 1.0 Transitional//EN"
    "http://www.w3.org/TR/xhtml1/DTD/xhtml1-transitional.dtd">
<html xmlns="http://www.w3.org/1999/xhtml" xml:lang="en" lang="en">
 <head>
  <title>
</title>
<meta http-equiv="Content-Type" content="text/html;charset=utf-8" />
  <meta name='ocr-system' content='tesseract 3.04.00' />
  <meta name='ocr-capabilities' content='ocr_page ocr_carea ocr_par ocr_line ocrx_word'/>
</head>
<body>
  <div class='ocr_page' id='page_1' title='image "./workshoracetran00frangoog_0092.png"; bbox 0 0 2009 3334; ppageno 0'>
   <div class='ocr_carea' id='block_1_1' title="bbox 474 169 525 243">
    <p class='ocr_par' dir='ltr' id='par_1_1' title="bbox 474 169 525 243">
     <span class='ocr_line' id='line_1_1' title="bbox 474 169 525 243; baseline 0 0"><span class='ocrx_word' id='word_1_1' title='bbox 474 169 525 243; x_wconf 73' lang='lat' dir='ltr'><strong>nt</strong></span> 
     </span>
    </p>
   </div>
   <div class='ocr_carea' id='block_1_2' title="bbox 96 312 663 551">
    <p class='ocr_par' dir='ltr' id='par_1_2' title="bbox 96 312 663 551">
     <span class='ocr_line' id='line_1_2' title="bbox 99 312 604 391; baseline -0.014 -16"><span class='ocrx_word' id='word_1_2' title='bbox 99 314 298 375; x_wconf 79' lang='lat' dir='ltr'><strong>Contaminata</strong></span> <span class='ocrx_word' id='word_1_3' title='bbox 310 328 373 372; x_wconf 82' lang='lat' dir='ltr'><strong>eum</strong></span> <span class='ocrx_word' id='word_1_4' title='bbox 386 328 470 391; x_wconf 82' lang='lat' dir='ltr'>grege</span> <span class='ocrx_word' id='word_1_5' title='bbox 483 312 604 387; x_wconf 82' lang='lat' dir='ltr'><strong>turpium</strong></span> 
     </span>
     <span class='ocr_line' id='line_1_3' title="bbox 96 393 663 469; baseline -0.011 -14"><span class='ocrx_word' id='word_1_6' title='bbox 96 396 200 455; x_wconf 81' lang='lat' dir='ltr'><strong>Morbo</strong></span> <span class='ocrx_word' id='word_1_7' title='bbox 212 395 335 452; x_wconf 85' lang='lat' dir='ltr'>virorum</span> <span class='ocrx_word' id='word_1_8' title='bbox 347 411 355 449; x_wconf 91' lang='lat'><strong>:</strong></span> <span class='ocrx_word' id='word_1_9' title='bbox 376 393 511 469; x_wconf 80' lang='lat' dir='ltr'>quidlibet</span> <span class='ocrx_word' id='word_1_10' title='bbox 522 393 663 467; x_wconf 81' lang='lat' dir='ltr'><strong>impotens</strong></span> 
     </span>
     <span class='ocr_line' id='line_1_4' title="bbox 134 470 529 551; baseline -0.018 -18"><span class='ocrx_word' id='word_1_11' title='bbox 134 475 264 551; x_wconf 87' lang='lat' dir='ltr'><strong>Sperare,</strong></span> <span class='ocrx_word' id='word_1_12' title='bbox 276 475 441 551; x_wconf 66' lang='lat' dir='ltr'><strong>fortuneque</strong></span> <span class='ocrx_word' id='word_1_13' title='bbox 454 470 529 530; x_wconf 84' lang='lat' dir='ltr'>dulci</span> 
     </span>
    </p>
   </div>
   <div class='ocr_carea' id='block_1_3' title="bbox 173 553 691 615">
    <p class='ocr_par' dir='ltr' id='par_1_3' title="bbox 173 553 691 615">
     <span class='ocr_line' id='line_1_5' title="bbox 173 553 691 615; baseline -0.014 0"><span class='ocrx_word' id='word_1_14' title='bbox 173 558 271 615; x_wconf 86' lang='lat' dir='ltr'><strong>Ebria.</strong></span> <span class='ocrx_word' id='word_1_15' title='bbox 314 553 616 615; x_wconf 81' lang='lat' dir='ltr'><strong>Sedminuitsnrorem</strong></span> <span class='ocrx_word' id='word_1_16' title='bbox 688 568 691 577; x_wconf 87' lang='grc'>’</span> 
     </span>
    </p>
   </div>
   <div class='ocr_carea' id='block_1_4' title="bbox 88 633 645 1978">
    <p class='ocr_par' dir='ltr' id='par_1_4' title="bbox 88 633 645 1978">
     <span class='ocr_line' id='line_1_6' title="bbox 96 633 613 715; baseline -0.014 -20"><span class='ocrx_word' id='word_1_17' title='bbox 96 637 154 695; x_wconf 82' lang='lat' dir='ltr'><strong>Vix</strong></span> <span class='ocrx_word' id='word_1_18' title='bbox 166 657 223 696; x_wconf 87' lang='lat' dir='ltr'><strong>nna</strong></span> <span class='ocrx_word' id='word_1_19' title='bbox 233 653 330 715; x_wconf 81' lang='lat' dir='ltr'><strong>sospes</strong></span> <span class='ocrx_word' id='word_1_20' title='bbox 344 635 423 694; x_wconf 84' lang='lat' dir='ltr'><strong>navis</strong></span> <span class='ocrx_word' id='word_1_21' title='bbox 435 635 472 692; x_wconf 89' lang='lat' dir='ltr'><strong>ab</strong></span> <span class='ocrx_word' id='word_1_22' title='bbox 484 635 493 690; x_wconf 90' lang='lat' dir='ltr'><strong>i</strong></span> <span class='ocrx_word' id='word_1_23' title='bbox 514 633 613 690; x_wconf 89' lang='lat' dir='ltr'><strong>nibus:</strong></span> 
     </span>
     <span class='ocr_line' id='line_1_7' title="bbox 93 713 634 792; baseline -0.009 -17"><span class='ocrx_word' id='word_1_24' title='bbox 93 716 275 792; x_wconf 87' lang='lat' dir='ltr'><strong>Mentemque</strong></span> <span class='ocrx_word' id='word_1_25' title='bbox 287 715 462 792; x_wconf 84' lang='lat' dir='ltr'><strong>lymphatam</strong></span> <span class='ocrx_word' id='word_1_26' title='bbox 510 713 634 772; x_wconf 85' lang='lat' dir='ltr'><strong>arentico</strong></span> 
     </span>
     <span class='ocr_line' id='line_1_8' title="bbox 131 792 589 875; baseline -0.007 -21"><span class='ocrx_word' id='word_1_27' title='bbox 131 796 252 875; x_wconf 79' lang='lat' dir='ltr'><strong>Redegit</strong></span> <span class='ocrx_word' id='word_1_28' title='bbox 264 798 293 854; x_wconf 84' lang='lat' dir='ltr'><strong>in</strong></span> <span class='ocrx_word' id='word_1_29' title='bbox 305 813 387 854; x_wconf 81' lang='lat' dir='ltr'><strong>verns</strong></span> <span class='ocrx_word' id='word_1_30' title='bbox 399 795 515 852; x_wconf 84' lang='lat' dir='ltr'><strong>timores</strong></span> <span class='ocrx_word' id='word_1_31' title='bbox 550 792 589 814; x_wconf 62' lang='lat'><strong>“⁸</strong></span> 
     </span>
     <span class='ocr_line' id='line_1_9' title="bbox 172 873 583 951; baseline -0.007 -16"><span class='ocrx_word' id='word_1_32' title='bbox 172 877 282 951; x_wconf 80' lang='lat' dir='ltr'><strong>Caesnr,</strong></span> <span class='ocrx_word' id='word_1_33' title='bbox 294 877 330 934; x_wconf 91' lang='lat' dir='ltr'><strong>ab</strong></span> <span class='ocrx_word' id='word_1_34' title='bbox 344 873 427 934; x_wconf 77' lang='lat' dir='ltr'><strong>Italia</strong></span> <span class='ocrx_word' id='word_1_35' title='bbox 439 874 583 932; x_wconf 85' lang='lat' dir='ltr'><strong>velantem</strong></span> 
     </span>
     <span class='ocr_line' id='line_1_10' title="bbox 92 953 604 1036; baseline -0.004 -22"><span class='ocrx_word' id='word_1_36' title='bbox 92 955 191 1016; x_wconf 86' lang='lat' dir='ltr'><strong>Remis</strong></span> <span class='ocrx_word' id='word_1_37' title='bbox 204 961 351 1034; x_wconf 78' lang='lat' dir='ltr'><strong>adurgens,</strong></span> <span class='ocrx_word' id='word_1_38' title='bbox 364 955 515 1036; x_wconf 80' lang='lat' dir='ltr'><strong>(accipiter</strong></span> <span class='ocrx_word' id='word_1_39' title='bbox 527 953 604 1028; x_wconf 69' lang='lat' dir='ltr'><strong>velat</strong></span> 
     </span>
     <span class='ocr_line' id='line_1_11' title="bbox 91 1036 645 1112; baseline -0.002 -17"><span class='ocrx_word' id='word_1_40' title='bbox 91 1037 195 1095; x_wconf 85' lang='lat' dir='ltr'><strong>Molles</strong></span> <span class='ocrx_word' id='word_1_41' title='bbox 208 1036 363 1112; x_wconf 78' lang='lat' dir='ltr'><strong>columbae,</strong></span> <span class='ocrx_word' id='word_1_42' title='bbox 375 1050 423 1095; x_wconf 85' lang='lat' dir='ltr'><strong>ant</strong></span> <span class='ocrx_word' id='word_1_43' title='bbox 435 1036 561 1110; x_wconf 85' lang='lat' dir='ltr'><strong>leporem</strong></span> <span class='ocrx_word' id='word_1_44' title='bbox 573 1036 645 1094; x_wconf 77' lang='lat' dir='ltr'><strong>citus</strong></span> 
     </span>
     <span class='ocr_line' id='line_1_12' title="bbox 130 1114 535 1194; baseline -0.007 -20"><span class='ocrx_word' id='word_1_45' title='bbox 130 1115 257 1175; x_wconf 79' lang='lat' dir='ltr'><strong>Venator</strong></span> <span class='ocrx_word' id='word_1_46' title='bbox 269 1118 298 1174; x_wconf 88' lang='lat' dir='ltr'><strong>in</strong></span> <span class='ocrx_word' id='word_1_47' title='bbox 311 1117 420 1194; x_wconf 77' lang='lat' dir='ltr'><strong>campis</strong></span> <span class='ocrx_word' id='word_1_48' title='bbox 433 1114 535 1174; x_wconf 76' lang='lat' dir='ltr'><strong>nivalia</strong></span> 
     </span>
     <span class='ocr_line' id='line_1_13' title="bbox 169 1194 593 1275; baseline -0.002 -20"><span class='ocrx_word' id='word_1_49' title='bbox 169 1194 339 1275; x_wconf 82' lang='lat' dir='ltr'><strong>AEmoniae,)</strong></span> <span class='ocrx_word' id='word_1_50' title='bbox 352 1198 431 1255; x_wconf 89' lang='lat' dir='ltr'><strong>daret</strong></span> <span class='ocrx_word' id='word_1_51' title='bbox 442 1205 474 1255; x_wconf 90' lang='lat' dir='ltr'><strong>ut</strong></span> <span class='ocrx_word' id='word_1_52' title='bbox 486 1196 593 1254; x_wconf 78' lang='lat' dir='ltr'><strong>eatenis</strong></span> 
     </span>
     <span class='ocr_line' id='line_1_14' title="bbox 92 1275 638 1352; baseline -0.002 -17"><span class='ocrx_word' id='word_1_53' title='bbox 92 1275 190 1335; x_wconf 79' lang='lat' dir='ltr'><strong>Fatale</strong></span> <span class='ocrx_word' id='word_1_54' title='bbox 203 1289 377 1335; x_wconf 85' lang='lat' dir='ltr'><strong>monstrum:</strong></span> <span class='ocrx_word' id='word_1_55' title='bbox 398 1295 464 1352; x_wconf 87' lang='lat' dir='ltr'><strong>quae</strong></span> <span class='ocrx_word' id='word_1_56' title='bbox 476 1276 638 1351; x_wconf 72' lang='lat' dir='ltr'><strong>generosinn</strong></span> 
     </span>
     <span class='ocr_line' id='line_1_15' title="bbox 90 1354 588 1431; baseline -0.008 -15"><span class='ocrx_word' id='word_1_57' title='bbox 90 1357 186 1416; x_wconf 83' lang='lat' dir='ltr'><strong>Perire</strong></span> <span class='ocrx_word' id='word_1_58' title='bbox 198 1372 338 1431; x_wconf 79' lang='lat' dir='ltr'><strong>qnaerene,</strong></span> <span class='ocrx_word' id='word_1_59' title='bbox 351 1376 403 1415; x_wconf 88' lang='lat' dir='ltr'><strong>nec</strong></span> <span class='ocrx_word' id='word_1_60' title='bbox 417 1354 588 1413; x_wconf 79' lang='lat' dir='ltr'>muliebriter</span> 
     </span>
     <span class='ocr_line' id='line_1_16' title="bbox 131 1435 575 1514; baseline -0.005 -19"><span class='ocrx_word' id='word_1_61' title='bbox 131 1435 257 1514; x_wconf 82' lang='lat' dir='ltr'><strong>Expavit</strong></span> <span class='ocrx_word' id='word_1_62' title='bbox 269 1455 380 1514; x_wconf 81' lang='lat' dir='ltr'><strong>ensem,</strong></span> <span class='ocrx_word' id='word_1_63' title='bbox 392 1453 444 1495; x_wconf 81' lang='lat' dir='ltr'><strong>nee</strong></span> <span class='ocrx_word' id='word_1_64' title='bbox 457 1435 575 1494; x_wconf 85' lang='lat' dir='ltr'><strong>latentes</strong></span> 
     </span>
     <span class='ocr_line' id='line_1_17' title="bbox 170 1517 597 1593; baseline -0.007 -17"><span class='ocrx_word' id='word_1_65' title='bbox 170 1517 270 1576; x_wconf 82' lang='lat' dir='ltr'><strong>Classe</strong></span> <span class='ocrx_word' id='word_1_66' title='bbox 282 1519 359 1577; x_wconf 65' lang='lat' dir='ltr'><strong>cite*</strong></span> <span class='ocrx_word' id='word_1_67' title='bbox 368 1518 511 1593; x_wconf 82' lang='lat' dir='ltr'><strong>reperavit</strong></span> <span class='ocrx_word' id='word_1_68' title='bbox 522 1534 597 1593; x_wconf 75' lang='lat' dir='ltr'><strong>arae.</strong></span> 
     </span>
     <span class='ocr_line' id='line_1_18' title="bbox 89 1597 610 1677; baseline -0.004 -21"><span class='ocrx_word' id='word_1_69' title='bbox 89 1597 170 1656; x_wconf 82' lang='lat' dir='ltr'><strong>Ausa</strong></span> <span class='ocrx_word' id='word_1_70' title='bbox 181 1608 210 1657; x_wconf 89' lang='lat' dir='ltr'><strong>et</strong></span> <span class='ocrx_word' id='word_1_71' title='bbox 222 1597 238 1653; x_wconf 76' lang='lat' dir='ltr'><strong>t</strong></span> <span class='ocrx_word' id='word_1_72' title='bbox 246 1600 389 1677; x_wconf 83' lang='lat' dir='ltr'><strong>jacentem</strong></span> <span class='ocrx_word' id='word_1_73' title='bbox 402 1597 491 1655; x_wconf 87' lang='lat' dir='ltr'><strong>visere</strong></span> <span class='ocrx_word' id='word_1_74' title='bbox 505 1598 610 1671; x_wconf 82' lang='lat' dir='ltr'><strong>regiam</strong></span> 
     </span>
     <span class='ocr_line' id='line_1_19' title="bbox 89 1677 561 1755; baseline -0.006 -17"><span class='ocrx_word' id='word_1_75' title='bbox 89 1677 176 1738; x_wconf 87' lang='lat' dir='ltr'><strong>Vultu</strong></span> <span class='ocrx_word' id='word_1_76' title='bbox 189 1697 288 1737; x_wconf 85' lang='lat' dir='ltr'><strong>sereno</strong></span> <span class='ocrx_word' id='word_1_77' title='bbox 300 1680 389 1755; x_wconf 81' lang='lat' dir='ltr'><strong>tortis,</strong></span> <span class='ocrx_word' id='word_1_78' title='bbox 401 1689 430 1735; x_wconf 89' lang='lat' dir='ltr'><strong>et</strong></span> <span class='ocrx_word' id='word_1_79' title='bbox 445 1694 561 1753; x_wconf 83' lang='lat' dir='ltr'><strong>asperas</strong></span> 
     </span>
     <span class='ocr_line' id='line_1_20' title="bbox 130 1759 582 1835; baseline 0 -18"><span class='ocrx_word' id='word_1_80' title='bbox 130 1759 267 1819; x_wconf 85' lang='lat' dir='ltr'><strong>Tractare</strong></span> <span class='ocrx_word' id='word_1_81' title='bbox 279 1769 435 1835; x_wconf 79' lang='lat' dir='ltr'><strong>serpentes,</strong></span> <span class='ocrx_word' id='word_1_82' title='bbox 446 1766 478 1814; x_wconf 91' lang='lat' dir='ltr'><strong>ut</strong></span> <span class='ocrx_word' id='word_1_83' title='bbox 490 1771 582 1817; x_wconf 83' lang='lat' dir='ltr'><strong>atrum</strong></span> 
     </span>
     <span class='ocr_line' id='line_1_21' title="bbox 120 1836 636 1916; baseline 0.002 -19"><span class='ocrx_word' id='word_1_84' title='bbox 120 1836 123 1841; x_wconf 71' lang='grc'>’</span> <span class='ocrx_word' id='word_1_85' title='bbox 145 1848 153 1854; x_wconf 79' lang='grc'><em>’</em></span> <span class='ocrx_word' id='word_1_86' title='bbox 169 1840 297 1916; x_wconf 83' lang='lat' dir='ltr'><strong>Corpore</strong></span> <span class='ocrx_word' id='word_1_87' title='bbox 307 1841 479 1898; x_wconf 83' lang='lat' dir='ltr'><strong>combiberet</strong></span> <span class='ocrx_word' id='word_1_88' title='bbox 489 1856 636 1915; x_wconf 85' lang='lat' dir='ltr'><strong>venenum,</strong></span> 
     </span>
     <span class='ocr_line' id='line_1_22' title="bbox 88 1917 504 1978; baseline 0.002 -3"><span class='ocrx_word' id='word_1_89' title='bbox 88 1917 249 1978; x_wconf 53' lang='lat' dir='ltr'><strong>Deliberat&amp;</strong></span> <span class='ocrx_word' id='word_1_90' title='bbox 264 1930 353 1977; x_wconf 85' lang='lat' dir='ltr'><strong>morte</strong></span> <span class='ocrx_word' id='word_1_91' title='bbox 368 1920 504 1977; x_wconf 85' lang='lat' dir='ltr'><strong>ferocior:</strong></span> 
     </span>
    </p>
   </div>
   <div class='ocr_carea' id='block_1_5' title="bbox 89 1996 677 2083">
    <p class='ocr_par' dir='ltr' id='par_1_5' title="bbox 89 1996 677 2083">
     <span class='ocr_line' id='line_1_23' title="bbox 89 1996 677 2083; baseline 0.01 -29"><span class='ocrx_word' id='word_1_92' title='bbox 89 1996 180 2055; x_wconf 85' lang='lat' dir='ltr'>Saevis</span> <span class='ocrx_word' id='word_1_93' title='bbox 194 1998 326 2057; x_wconf 83' lang='lat' dir='ltr'><strong>Liburnis</strong></span> <span class='ocrx_word' id='word_1_94' title='bbox 339 1999 448 2057; x_wconf 83' lang='lat' dir='ltr'><strong>scilicet</strong></span> <span class='ocrx_word' id='word_1_95' title='bbox 460 1999 655 2076; x_wconf 57' lang='lat' dir='ltr'><strong>invidens,Mn</strong></span> <span class='ocrx_word' id='word_1_96' title='bbox 668 2056 677 2083; x_wconf 47' lang='lat'><em>0</em></span> 
     </span>
    </p>
   </div>
   <div class='ocr_carea' id='block_1_6' title="bbox 129 2077 637 2237">
    <p class='ocr_par' dir='ltr' id='par_1_6' title="bbox 129 2077 637 2237">
     <span class='ocr_line' id='line_1_24' title="bbox 129 2077 491 2153; baseline -0.003 -17"><span class='ocrx_word' id='word_1_97' title='bbox 129 2077 244 2136; x_wconf 83' lang='lat' dir='ltr'><strong>Privata</strong></span> <span class='ocrx_word' id='word_1_98' title='bbox 257 2079 357 2136; x_wconf 85' lang='lat' dir='ltr'><strong>deduci</strong></span> <span class='ocrx_word' id='word_1_99' title='bbox 370 2079 491 2153; x_wconf 85' lang='lat' dir='ltr'><strong>superbo</strong></span> 
     </span>
     <span class='ocr_line' id='line_1_25' title="bbox 170 2156 637 2237; baseline 0 -21"><span class='ocrx_word' id='word_1_100' title='bbox 170 2157 236 2216; x_wconf 85' lang='lat' dir='ltr'><strong>Non</strong></span> <span class='ocrx_word' id='word_1_101' title='bbox 249 2156 359 2215; x_wconf 66' lang='lat' dir='ltr'><strong>humitis</strong></span> <span class='ocrx_word' id='word_1_102' title='bbox 373 2157 472 2214; x_wconf 82' lang='lat' dir='ltr'><strong>mulier</strong></span> <span class='ocrx_word' id='word_1_103' title='bbox 485 2158 637 2237; x_wconf 82' lang='lat' dir='ltr'><strong>triumpho.</strong></span> 
     </span>
    </p>
   </div>
   <div class='ocr_carea' id='block_1_7' title="bbox 847 2005 888 2062">
    <p class='ocr_par' dir='ltr' id='par_1_7' title="bbox 847 2005 888 2062">
     <span class='ocr_line' id='line_1_26' title="bbox 847 2005 888 2062; baseline 0 0"><span class='ocrx_word' id='word_1_104' title='bbox 847 2005 888 2062; x_wconf 64' lang='lat'><strong>30</strong></span> 
     </span>
    </p>
   </div>
   <div class='ocr_carea' id='block_1_8' title="bbox 122 2321 853 2382">
    <p class='ocr_par' dir='ltr' id='par_1_8' title="bbox 122 2321 853 2382">
     <span class='ocr_line' id='line_1_27' title="bbox 122 2321 853 2382; baseline 0.008 -9"><span class='ocrx_word' id='word_1_105' title='bbox 122 2328 135 2351; x_wconf 54' lang='lat'><strong>2⁴</strong></span> <span class='ocrx_word' id='word_1_106' title='bbox 151 2323 292 2375; x_wconf 71' lang='lat' dir='ltr'><strong>Penetravtt</strong></span> <span class='ocrx_word' id='word_1_107' title='bbox 304 2338 368 2374; x_wconf 75' lang='lat' dir='ltr'><strong>enas.</strong></span> <span class='ocrx_word' id='word_1_108' title='bbox 386 2321 462 2372; x_wconf 72' lang='lat' dir='ltr'><strong>nent.</strong></span> <span class='ocrx_word' id='word_1_109' title='bbox 569 2328 578 2376; x_wconf 84' lang='lat' dir='ltr'><strong>t</strong></span> <span class='ocrx_word' id='word_1_110' title='bbox 596 2327 675 2377; x_wconf 73' lang='lat' dir='ltr'><strong>Annae</strong></span> <span class='ocrx_word' id='word_1_111' title='bbox 686 2336 711 2378; x_wconf 86' lang='lat' dir='ltr'><strong>et</strong></span> <span class='ocrx_word' id='word_1_112' title='bbox 722 2335 853 2382; x_wconf 74' lang='lat' dir='ltr'><strong>tacentem.</strong></span> 
     </span>
    </p>
   </div>
   <div class='ocr_carea' id='block_1_9' title="bbox 0 0 1010 3334">
    <p class='ocr_par' dir='ltr' id='par_1_9' title="bbox 0 0 1010 3334">
     <span class='ocr_line' id='line_1_28' title="bbox 0 0 1010 3334; baseline 0 4"><span class='ocrx_word' id='word_1_113' title='bbox 0 0 1010 3334; x_wconf 95' lang='lat' dir='ltr'><strong> </strong></span> 
     </span>
    </p>
   </div>
  </div>
 </body>
</html>
