2009 3334
396 240 399 245 ·
473 194 544 292 nu
631 232 659 290 A

115 349 191 409 Dum
205 354 370 429 fragrantia*
382 358 526 432 detorquet
538 361 574 417 ad
587 362 682 420 oscula
861 370 898 431 25

114 430 261 490 cervicem
268 454 278 507 ;
299 447 346 492 aut
359 435 432 492 facili
445 439 556 496 saevitii
570 452 661 517 negat,
1004 447 1005 486 t

114 508 187 578 Quae
200 525 331 587 poscente
344 517 432 590 magis
444 519 564 592 gaudeat
575 521 656 597 eripi,

150 589 292 649 Interdum
305 611 403 670 rapere
416 596 561 673 occupet.†

462 736 542 779 ²¹2⁸-

257 868 260 873 ,
292 870 300 885 ,
360 828 535 892 cuuntnu’
555 833 640 917 xm.

108 946 188 1006 Dira
200 948 231 1004 in
244 946 383 1034 arborem,
399 950 481 1027 cujus
493 972 563 1012 cusu
570 957 646 1034 peni
648 952 753 1033 suerat
765 955 889 1018 odarius.

106 1064 220 1143 ILLE‡
232 1076 261 1127 et
272 1069 380 1128 nefasto
392 1079 419 1126 te
432 1075 524 1146 posuit
538 1075 595 1149 die,
698 1142 703 1157 ,

105 1143 271 1220 Quicunque
284 1148 416 1223 primdrn,
429 1162 462 1208 et
472 1154 607 1231 sacrilegi
619 1174 702 1216 mauu

144 1223 288 1300 Produxit,
301 1230 394 1302 arbor,
406 1231 435 1286 in
448 1247 581 1307 nepotum

183 1303 348 1381 Perniciem,
361 1313 598 1391 opprobriumque
611 1317 686 1392 pagi.

102 1380 186 1441 Illum
199 1395 226 1441 et
239 1389 361 1460 parentis
374 1390 539 1450 crediderim
551 1394 593 1451 sui

102 1461 127 1519 F
128 1464 231 1540 regisse
243 1467 393 1541 cervicem,
404 1479 432 1524 et
444 1472 598 1545 penetralia

142 1541 282 1618 sparsisse
295 1558 430 1604 nocturno
442 1565 539 1604 cruore
746 1610 749 1615 .

182 1623 330 1701 Hospitis:
349 1625 396 1682 ille
406 1640 514 1682 venena
527 1625 645 1702 Colcha,

101 1700 141 1759 Et
149 1702 281 1778 quicquid
292 1723 408 1778 usquam
418 1706 573 1782 concipitur
582 1709 670 1783 nefas,

101 1779 257 1857 'li-notavit,
266 1802 332 1859 agro
342 1784 387 1857 qui
398 1785 493 1843 statuit
501 1805 565 1845 meo
669 1840 674 1849 .

60 1920 61 1923 Ἴ
141 1860 186 1918 Te
195 1864 272 1920 triste
281 1862 396 1940 liguum,
405 1876 433 1923 te
442 1867 576 1926 caducum

178 1940 211 1994 In
220 1943 326 2000 domiui
336 1956 422 2019 caput
432 1947 611 2006 immerentis.

99 2017 175 2083 Quid
184 2020 300 2092 quisque
308 2023 386 2094 vitet,
395 2043 537 2098 uunquam
545 2027 650 2085 homini
660 2028 735 2086 satis.

98 2094 221 2153 Cautum
233 2112 276 2153 est
288 2097 317 2153 in
330 2099 423 2157 horas.
464 2103 569 2161 Navita
583 2104 741 2182 Bosporum

138 2173 243 2233 Poenus
256 2174 460 2253 perhorrescit3
480 2199 571 2257 neque
580 2182 653 2243 ultra

178 2254 266 2313 Caeoa
276 2254 358 2313 timet
370 2258 481 2317 aliunde
495 2261 571 2336 sata3

96 2335 182 2399 Miles
195 2336 308 2412 sagittas
321 2347 350 2394 et
362 2338 496 2419 celerem§
511 2341 604 2418 sugam

96 2414 213 2488 Parthi3
233 2427 346 2475 catenas
359 2419 488 2496 Parthus,
500 2433 529 2478 et
542 2421 643 2486 Italum

136 2494 253 2554 Robur:
272 2500 323 2554 sed
330 2496 482 2575 improvisa
492 2500 559 2560 lethi

177 2572 229 2631 Vis
238 2578 340 2651 rapuit,
350 2580 494 2655 rapietque
491 2591 606 2715 Ipentes·
730 2624 736 2630 -
849 2595 892 2649 20

98 2649 193 2719 Quam
207 2658 279 2728 pene
292 2656 478 2735 furvae-regna
515 2660 676 2736 roserpinae,

98 2731 319 2809 dijudicantem
332 2738 452 2796 vidimus
465 2737 595 2814 diacum,

128 2922 143 2947 '
157 2921 307 2983 Flagrantio.
529 2929 540 2977 t
557 2929 672 2990 Occupat.

128 2985 141 3040 2
157 2985 227 3032 ntum
238 2995 270 3035 et.
286 2987 368 3036 Ham.
401 2991 469 3039 [lium
480 2988 502 3036 ὁ.
519 2990 598 3042 Bentl.

126 3044 145 3104 ἢ
158 3044 193 3097 Et
203 3052 315 3101 reducem
326 3052 417 3115 sugam.
432 3044 512 3106 acati.
656 3054 659 3067 ¹
