2009 3334
481 154 556 228 268

130 297 529 377 animumanimum
539 303 624 363 choro
661 344 665 351 ·

126 374 276 437 Scindeate
289 382 392 456 nubes3
411 382 527 460 impiger
540 384 658 445 hostium

167 455 278 517 vexare
289 472 404 534 turmas,
417 471 445 520 et
457 464 617 523 trementem

206 536 319 597 Mittere
331 559 432 616 equum
445 545 551 600 medios
564 565 614 621 per
626 547 712 622 ignes.
872 578 877 589 ·

125 610 173 673 Sic
186 618 353 679 tauriformis
366 619 485 678 volvitur
497 621 627 700 Aufidus,
898 640 929 693 2³

125 690 201 762 Qu*
213 715 298 775 regna
313 698 402 759 Dauni
411 697 536 774 'praeiluit
550 704 666 782 Appuli,

165 773 239 835 Cum
252 779 342 851 saevit,
355 778 575 859 horrendamque
587 784 666 844 uatis

163 858 168 863 “
205 853 344 915 Diluviem
358 859 521 930 meditatum*
534 866 626 941 agris;

125 931 165 992 Ut
178 935 354 994 barbarorum
369 936 503 998 Claudias
516 945 629 1020 agmina

124 1010 240 1072 Ferrato
251 1027 331 1073 vasto
343 1017 428 1077 diruit
440 1020 555 1096 impetu,
895 1041 933 1092 30

164 1092 516 1169 Primosqueetextremos
529 1106 670 1181 metendo,
859 1160 866 1175 ,

203 1170 305 1232 Stravit
318 1174 443 1251 humum,
454 1177 514 1235 sini
527 1181 607 1252 clade
619 1184 728 1243 vietor:

123 1246 590 1335 Tecopias‚tecomilinm‚ettuos
801 1268 805 1273 “

121 1326 269 1388 Praebente
285 1332 380 1393 Divos.
422 1334 494 1395 Nam
508 1340 569 1414 tibi,
582 1360 637 1418 qno
649 1343 695 1402 die

51 1459 53 1465 ,
150 1406 261 1468 *Portus
275 1411 446 1474 Alexandria
458 1420 577 1495 supplex

96 1550 102 1561 ,
200 1488 240 1549 Et
253 1511 370 1553 vacuam
383 1496 514 1570 patefecit
527 1499 629 1577 aulam,

118 1564 245 1628 'Fortuna
255 1570 341 1630 lustro
351 1592 485 1648 prospera
496 1581 577 1636 tertio

119 1641 191 1707 Belli
200 1654 335 1711 secundos
345 1654 570 1731 reddiditexitus,

157 1727 350 1808 Landemque,
359 1743 386 1789 et
395 1746 522 1811 optatum
532 1741 652 1814 peractis

171 1826 181 1846 ³
198 1809 326 1888 Imperiis
340 1813 424 1872 decus
436 1820 585 1893 arrogavit.
875 1835 924 1889 40

118 1881 164 1944 'l'e
178 1886 320 1951 Cantaber
332 1909 388 1952 non
400 1906 464 1953 ante
478 1897 635 1975 domabilis,

116 1962 274 2040 Medusque
286 1982 313 2028 et
326 1969 411 2029 Indus
422 1994 432 2048 3
451 1988 480 2033 te
494 1979 624 2057 profugus
637 1980 755 2058 Scythes

116 2086 121 2120 τ.
155 2041 286 2118 Miratur,
299 2049 318 2103 ὃ
331 2051 556 2129 tutelapraesens
651 2120 658 2133 ,
722 2096 724 2098 -

103 2148 115 2171 ·
196 2122 297 2195 ltaliae,
310 2127 493 2202 dominaeqne·
505 2131 625 2200 Romae:
722 2188 730 2203 .

116 2199 172 2278 Te,
184 2202 299 2263 sontium
312 2203 358 2280 qui
372 2208 444 2278 eolat
457 2213 577 2286 origines

115 2281 261 2362 Nilusque,
272 2298 299 2345 et
314 2285 402 2360 lster3
423 2300 450 2346 te
463 2292 577 2367 rapidus
591 2297 695 2375 Tigris,
781 2367 786 2375 .

156 2363 200 2424 Te
214 2365 351 2425 bellonam
364 2368 411 2444 qni
424 2373 538 2431 remotis

194 2445 339 2524 Obstrepit
352 2448 481 2508 Oceanus
496 2452 653 2531 Britannis3

115 2515 464 2602 Tenonpaventissunera
474 2531 587 2612 Gallia,

111 2600 257 2678 Duraque
270 2605 351 2663 tellus
363 2609 440 2673 audit
454 2610 573 2674 Iberiae:

153 2678 198 2739 'l'e
210 2682 290 2737 caede
299 2687 449 2752 gaudentes
464 2689 598 2752 Sicambri

190 2754 363 2831 Compositis
375 2780 541 2829 venerantur
551 2772 658 2830 armis*

86 2929 93 2933 ”
142 2927 155 2952 “
169 2884 409 2984 Quaregna'oaunt.
426 2934 505 3005 Bentl.
623 2950 633 2996 l
650 2949 781 3003 Miuitatur
791 2958 865 3019 agris.
888 3008 911 3029 ι
