2009 3334
499 196 549 269 58

368 480 543 542 CARMEN
563 477 679 541 XXIV.

400 648 448 698 AI)
464 647 646 700 VlRGlLIUM.

167 794 264 857 Mum
275 804 306 857 ui
319 796 456 863 Quintilii
466 807 585 863 moriem
596 820 673 880 (cmm
685 800 873 882 arsimojeral.

83 956 87 965 '
126 961 221 1032 QUIS
233 963 371 1023 desiderio
384 969 420 1025 sit
432 970 534 1045 pudor,
546 979 594 1029 aut
607 970 705 1028 modus

127 1042 203 1102 Tam
216 1044 273 1101 cari
286 1045 386 1122 capitis
400 1048 412 1105 i
433 1049 558 1124 praecipe
570 1048 699 1124 lugubres

126 1124 244 1196 Cantus,
257 1122 448 1201 Melpomene,
461 1128 506 1184 cui
520 1126 653 1201 liquidam
667 1139 747 1207 pater

164 1204 272 1264 Vocem
285 1220 348 1263 cum
361 1205 467 1264 cithari
484 1208 571 1265 dedit.
912 1273 917 1282 ,

125 1284 204 1361 Ergo
217 1283 382 1352 Quintilium
396 1296 546 1362 perpetuus
558 1304 645 1363 sopor
899 1296 917 1348 5

123 1361 212 1441 Urget
226 1366 238 1423 i
259 1367 304 1425 oui
317 1364 421 1440 Pudor,
433 1375 462 1423 et
473 1365 597 1426 lustitiae
609 1387 688 1427 soror

122 1443 290 1522 Incorruptu
304 1445 399 1521 Fides,
415 1448 544 1520 nudaque
557 1445 680 1526 Veritus,

162 1523 285 1591 Quando
298 1525 382 1584 ullum
396 1527 519 1583 inveniet
532 1544 628 1603 parem
642 1528 655 1584 i

123 1602 223 1662 Multis
236 1604 283 1665 ille
297 1605 376 1665 bonis
389 1606 490 1663 flebilis
502 1607 624 1664 occidit:
933 1676 936 1681 Ι

121 1682 197 1743 Nulli
212 1684 341 1759 flebilior,
353 1685 439 1760 quim
455 1685 517 1760 tibi,
530 1683 640 1760 Virgili.
878 1694 924 1751 10<

121 1764 168 1823 Tu
181 1765 200 1800 ³*
213 1764 314 1824 frustra
328 1764 400 1840 pius,
413 1764 467 1824 heu
482 1764 489 1821 l
512 1783 568 1823 non
580 1766 788 1857 itucfeditum,'

160 1841 259 1903 Poscis
271 1844 441 1912 Quintilium
455 1845 542 1905 Deos,

120 1923 207 1990 Qubd
220 1923 236 1977 l
248 1924 271 1982 si
286 1923 424 1983 Threicio
437 1925 566 2003 blandiris
578 1925 695 2002 Orpheo
741 1972 747 1993 .

120 2002 256 2060 Auditum
266 2004 411 2076 moderere
420 2006 567 2062 arboribus
577 2006 660 2065 fidem
671 2028 681 2081 3

119 2079 184 2139 Nou
198 2078 306 2158 lmuae
319 2084 415 2142 redeat
427 2086 540 2159 sanguis
551 2086 677 2163 imagini,
880 2098 917 2152 15

159 2157 253 2226 Quam
268 2161 345 2237 virgi
358 2161 443 2220 semel
456 2162 579 2238 horridd',

121 2239 186 2296 Non
199 2239 269 2299 lenis
282 2242 410 2315 precibus
424 2242 480 2299 sata
492 2242 643 2319 recludere,

120 2319 209 2397 Nigro
222 2321 387 2399 compulerit
400 2320 556 2380 Mercurius
565 2328 651 2404 gregi.

121 2399 230 2460 Durum
245 2422 253 2460 ε
273 2404 322 2461 sed
336 2400 424 2460 levius
437 2401 468 2459 fit
481 2405 625 2482 patientia,

157 2478 302 2558 Quicquid
316 2483 453 2559 corrigere
465 2494 508 2541 est
521 2487 607 2545 nefas.
693 2484 712 2503 ⁸
874 2498 915 2553 20

244 2618 330 2697 «sei.
458 2650 554 2705 ioum
681 2654 774 2711 uuum

436 2936 446 2969 ἔ
