2009 3334
485 197 536 268 54

115 348 174 407 Vos
183 347 278 407 laetam
288 345 391 422 fluviis,
399 357 427 404 et
440 361 583 403 neruorum
592 342 683 416 anmi,
880 341 899 395 5

114 428 296 502 Quaecunque
308 436 356 503 ant
369 426 461 501 gelido
479 423 618 501 prominet
629 419 743 496 Algido,

153 507 249 584 Nigris
262 516 309 563 aut
324 502 489 581 Erymanthi

193 586 286 660 Silvia,
300 595 347 642 aut
359 585 455 643 viridis
470 582 564 658 Gragi.

113 664 175 725 Vns
189 665 301 753 Tempe
313 665 428 722 totidem
441 661 530 723 tollite
542 660 679 733 laudibus,

112 745 309 820 Natalemque,
322 761 422 819 mares,
436 740 530 801 Deinn
544 740 697 819 Apollinis,
864 744 905 794 10

151 826 346 902 Insignemqne
355 822 498 899 pharetra,
527 844 529 849 ·

191 903 383 978 Fraterniqne
395 902 541 961 humerum
552 902 623 977 lyra

112 983 169 1043 Hic
179 984 283 1042 bellum
293 981 510 1058 lachrymosum,
519 982 565 1039 hia
576 978 827 1053 miserantum,

113 1063 288 1138 Pestemque,
302 1062 321 1120 it
333 1062 450 1140 populo,
461 1076 489 1120 et
501 1063 629 1139 principe
641 1057 767 1133 Caesare,
779 1057 809 1116 in

152 1143 251 1201 Persas
264 1153 347 1218 atque
361 1141 519 1215 Britannos,
861 1143 900 1196 15

191 1221 293 1282 Vestri
306 1233 397 1282 runtus
409 1232 473 1300 aget
485 1238 579 1298 prees.

464 1434 546 1447 α*

356 1554 532 1616 CARMEN
552 1552 653 1613 XXII.
766 1558 770 1571 '

314 1723 360 1774 ΑΙ)
376 1719 535 1773 iussurum
551 1716 693 1769 Fuscum.

113 1877 151 1936 Sa
166 1842 324 1955 proiitntia
344 1872 521 1933 coemittit
540 1880 570 1931 et
587 1871 714 1945 Lalages
733 1870 901 1951 pntmeimn

270 1955 404 2014 munitum
415 1953 491 2012 nihil
503 1968 620 2030 nsquam
633 1951 739 2008 timere.
758 1968 760 1973 ·

111 2116 297 2177 INTEGER
310 2121 387 2195 vita,
400 2112 566 2190 scelerisque
579 2135 664 2193 purus

112 2197 177 2256 Non
189 2209 252 2275 egat
265 2198 372 2257 Mauris
381 2197 492 2278 jaculis,
506 2215 595 2270 neque
608 2214 685 2273 arcu,

111 2277 172 2338 Nec
186 2280 326 2338 venenatis
339 2278 455 2355 gravidi
467 2277 585 2354 sagittis,

190 2359 290 2435 Fusae,
304 2358 443 2435 pharetris.

112 2439 177 2497 Sive
192 2459 241 2515 per
255 2442 349 2517 Syrtes
362 2442 415 2499 iter
428 2450 573 2513 aestuosas,

112 2519 178 2577 Siue
192 2521 311 2578 factiuns
325 2534 374 2596 per
387 2519 582 2597 inhospitalem

112 2598 280 2674 Caucasum,
294 2601 338 2659 vei
352 2620 415 2677 qnae
429 2602 491 2658 inea
500 2599 639 2658 fabulosus

191 2676 305 2737 Lambit
319 2679 480 2756 Hydaspes.

111 2755 240 2830 Namque
253 2776 297 2814 me
310 2760 381 2816 silva
393 2760 474 2835 lupus
486 2761 516 2815 in
530 2757 642 2824 Sabina,

111 2833 187 2892 Dum
196 2854 287 2893 meam
297 2850 379 2896 cnrrtn
390 2838 525 2913 Lalagen,
533 2846 562 2893 et
572 2837 642 2894 ultra
860 2842 895 2892 10
913 2874 923 2898 r

111 2911 275 2974 ‘ferminum
290 2919 362 2977 curis
374 2935 462 2992 vagor
473 2919 491 2953 ³*
503 2919 658 2992 expeditne,

191 2993 275 3072 Fugit
286 2997 429 3056 inermem.

418 3144 432 3169 s
447 3139 582 3202 Expeditis.
