2009 3334
118 303 224 363 Vestris
236 308 357 365 amicum
371 310 492 370 lontibus
504 321 533 369 et
545 307 646 384 choris,

113 390 179 448 Non
192 407 238 447 me
250 388 390 466 Philippis
399 409 480 449 veisa
492 390 568 449 acies
579 391 667 465 retro,

155 469 265 528 Devotu
278 488 335 527 non
348 472 480 529 exstinxit
492 473 586 543 arbos,

192 546 253 607 Nec
266 548 359 608 Siculi
373 550 520 609 Palinurus
532 551 616 608 nudi.

113 628 263 704 Utcunque
275 647 386 686 mecum
401 630 555 701 voseritis3
576 628 665 688 libens

110 709 298 767 Insanientem
313 708 408 766 navita
422 708 580 785 Bosporum

151 789 292 863 Tentabo,
304 798 333 844 et
345 800 454 848 arentes
467 807 567 848 arenas

189 868 305 926 Littoris
318 868 429 942 Assyrii
443 871 543 927 viator.

77 994 81 999 .
109 945 210 1006 Visam
225 947 373 1005 Britannos
389 948 547 1026 hospitibus
560 949 643 1024 feros,

110 1027 149 1087 Et
162 1028 260 1086 laettnu
274 1028 526 1105 equino'sangnine
539 1026 723 1086 Concanumr

148 1108 248 1167 Visam
262 1107 440 1168 Pharetratos
453 1108 591 1181 Gelonos,

188 1188 227 1246 Et
241 1187 403 1265 Scythicum
417 1187 567 1244 inviolatus
579 1204 700 1249 amnem.

108 1266 169 1327 Vos
184 1268 328 1327 Caesarem
344 1266 441 1340 altum,
454 1266 553 1325 militis
566 1266 650 1324 simul

107 1347 208 1407 Fessus
222 1347 369 1407 cohortes*
382 1348 491 1407 abdidit
499 1347 623 1425 oppidis,

146 1428 171 1488 F
174 1429 244 1487 inire
257 1440 429 1504 quaerentem
438 1428 560 1504 labores,

187 1509 283 1568 Piiirio
296 1510 428 1571 recreatis
441 1520 532 1567 nmio.

107 1589 166 1648 Vos
176 1589 238 1648 lene
247 1589 433 1648 consiliumet
446 1589 529 1663 datis,
542 1598 571 1645 et
584 1588 649 1643 dato

105 1669 242 1727 Gaudetis
255 1669 350 1728 nlmae.
393 1668 502 1728 Scimus
512 1679 541 1725 ut
552 1667 654 1743 impios

146 1749 276 1822 Titanas,
289 1750 497 1824 immanemque
511 1759 632 1807 turmam

185 1827 316 1887 fulmine
329 1828 488 1890 sustuleritl
501 1828 621 1901 caduco,

105 1905 161 1972 Qui
170 1918 273 1964 terram
287 1909 415 1983 inertem,
428 1910 477 1983 qui
490 1927 568 1966 mure
581 1914 718 1981 temperat

104 1983 270 2057 Ventorum,
282 1988 328 2064 eti
336 1991 431 2061 urbes,
444 2005 585 2062 regnaque
597 1985 700 2059 tristia,

143 2062 300 2139 Divosque,
314 2065 502 2140 mortalesque
516 2070 611 2124 turbas

182 2141 307 2219 Imperio
316 2146 386 2218 regit
399 2160 470 2200 unus
482 2162 576 2218 aequo.

103 2225 238 2303 Magnum
252 2221 301 2281 illa
316 2233 449 2281 terrorem
459 2222 589 2280 intulerat
606 2222 672 2281 Jovi

102 2305 208 2371 Fidens
217 2305 352 2384 juventus
364 2301 480 2360 horrida
492 2302 626 2378 brachiis,

143 2387 167 2445 F
169 2397 314 2462 intresque
325 2385 471 2443 tendentes
485 2401 577 2458 opaco

183 2465 282 2528 Pelion
295 2464 461 2544 imposuisse
471 2461 607 2542 Olympo.

105 2541 159 2600 Sed
173 2548 241 2618 quid
250 2544 413 2623 Typhoeus,
425 2556 453 2601 et
466 2545 574 2602 validus
588 2542 703 2618 Mimas,

103 2622 163 2680 Aut
175 2626 242 2698 quid
250 2627 353 2684 minaci
363 2623 540 2702 Porphyrion
554 2635 638 2697 stetu,

293 2810 307 2836 ⁴*
319 2810 438 2857 Cohortes
450 2811 555 2859 reddidit
566 2807 670 2870 oppidis.

296 2891 305 2938 l
318 2889 445 2938 sustulerit
456 2907 565 2943 corusco.
597 2889 676 2941 Benll.

294 2970 452 3028 ilitumbras
464 2989 595 3040 regnoque.
628 2971 707 3037 Bmll·
729 2969 732 2977 ’
