2009 3334
494 188 568 259 286

146 325 218 393 uara
226 329 323 388 attinet
332 348 382 389 ora
392 334 505 393 navium
512 333 590 412 gravi

180 406 314 467 Rostrata
326 411 388 468 duci
401 417 523 488 pondere

142 480 249 544 contra
261 488 390 564 latroneS,
402 505 485 568 atque
497 491 626 553 servilem
635 510 760 573 manum,

180 562 257 643 Hoc,
269 566 323 626 hoo
335 571 444 630 tribuno
457 572 598 632 rnilitum?
815 644 817 647 ,
900 589 933 641 20

411 902 586 965 CARMEN
606 903 644 963 V.
761 898 763 905 ’

259 1069 348 1131 Pueri
359 1069 391 1130 in
403 1069 552 1130 Canium
562 1068 709 1148 mustum
720 1071 804 1132 dim

137 1233 206 1307 AT,
218 1235 237 1293 b
251 1235 375 1301 Deorum
388 1238 523 1312 quidquid
537 1237 564 1292 in
577 1235 669 1293 ereio*
682 1254 714 1295 re

176 1312 278 1371 Terras
290 1328 318 1373 et
332 1315 481 1374 humanum
495 1334 591 1392 genus,
749 1361 751 1363 -

135 1389 212 1459 Quid
223 1395 275 1453 iste
290 1396 340 1454 fert
352 1397 505 1456 tumuitus?
525 1406 555 1453 et
566 1395 632 1471 quid
643 1396 768 1455 omnium

175 1471 275 1534 Vultus
289 1477 318 1535 iu
330 1495 414 1535 unum
428 1496 473 1535 me
484 1477 599 1533 truces?

135 1548 189 1612 Per
201 1555 302 1613 liberos
316 1566 353 1629 te,
366 1558 389 1612 si
403 1567 500 1613 vocata
512 1556 647 1630 partubus

174 1634 283 1693 Lucina
291 1636 363 1694 veris
371 1635 469 1708 adfuit,
810 1704 814 1709 .

133 1710 188 1769 Per
197 1713 250 1772 hoc
260 1718 342 1773 inane
353 1733 482 1791 purpurae
491 1716 575 1771 decus
585 1732 693 1790 precor,
741 1772 744 1775 .

172 1790 226 1851 Per
239 1795 455 1872 improbaturum
470 1794 532 1852 haec
543 1792 655 1868 Jovem,

130 1867 206 1935 Quid
220 1887 250 1930 ut
262 1892 381 1939 noverca
394 1893 440 1932 me
452 1872 575 1948 intueris,
587 1882 635 1930 aut
647 1872 687 1930 uti

170 1947 261 2007 Petita
273 1954 345 2009 ferro
358 1951 471 2010 bellua?
730 1954 731 1957 ¹

128 2023 170 2081 Ut
181 2024 244 2082 haec
257 2033 384 2087 trementi
397 2044 510 2102 questus
524 2048 581 2106 ore,
597 2029 718 2090 eonstitit

168 2101 324 2179 Insignibus
336 2107 423 2180 raptis
436 2127 517 2182 puer,

128 2182 247 2261 Impube
259 2201 369 2258 eorpus,
382 2185 464 2256 quale
477 2201 572 2261 posset
583 2191 672 2267 impia

120 2328 121 2332 ,
169 2263 281 2323 Mollire
294 2262 436 2322 Thracum
449 2276 582 2339 pectora:

130 2343 250 2403 Canidia
262 2344 389 2405 brevibus
402 2343 546 2420 implicata
558 2348 660 2424 viperis
702 2376 704 2380 ⁸

169 2423 269 2484 Crines
278 2436 306 2484 et
317 2427 487 2500 incomptum
497 2438 591 2504 eaput,

106 2498 213 2557 'Jubet
221 2504 373 2578 sepulchris
383 2504 528 2578 caprificos
538 2521 639 2583 erutas,
700 2526 703 2533 ’

165 2576 250 2632 Jubet
262 2598 409 2653 cupressus
421 2582 559 2659 funebres,

126 2650 260 2711 Etuncta
274 2657 364 2728 turpis
375 2672 430 2712 ova
440 2677 518 2715 ranae
531 2664 673 2738 sanguine,

165 2723 345 2799 Plumamque
355 2744 497 2792 nocturuae
507 2739 608 2812 strigis,

124 2803 296 2879 elephasque,
309 2820 377 2874 quas
390 2807 482 2866 Iolcos
495 2823 578 2887 atque
590 2816 683 2875 iberia
793 2872 797 2877 .

161 2879 249 2937 Mittit
261 2894 428 2948 venenorum
441 2887 528 2962 ferax,

339 3006 354 3034 '
369 3011 489 3078 Quidquid
500 3020 525 3068 ia
537 3024 599 3073 coelo
608 3029 681 3088 regis.

222 3294 579 3322 Q
