2009 3334
140 305 265 382 Simplex
278 303 419 362 munditiis
433 304 446 361 i
475 303 559 363 Heu!
581 303 689 380 quoties
701 305 797 382 fidem,

140 385 321 459 Mutatosque
329 382 406 442 Deos
418 384 506 459 flebit,
514 394 650 462 etuspera

258 463 351 540 Nigris
364 481 478 539 aeqnora
490 466 580 522 ventis

299 542 616 617 Emirabiturinsolens,
664 588 669 599 .

139 622 196 691 Qui
208 642 281 681 nnnc
292 634 321 681 tc
334 624 431 681 fruitur
443 622 570 681 crednius
583 625 665 681 amen
677 643 687 697 3

139 702 196 770 Qui
210 721 321 780 semper
333 720 461 775 vacuam,
473 720 584 780 semper
597 701 745 761 amabilem
891 708 930 762 10

258 782 367 860 Sperat,
379 782 488 839 nescius
499 801 576 840 aurae

295 861 320 923 F
321 860 418 918 ullacis
432 860 439 917 !
461 861 570 934 Miseri,
580 863 679 938 quibus

140 941 278 1000 intentata
290 940 370 997 nites.
410 939 460 997 Me
472 942 567 1000 tubulis
581 944 668 1000 saeer'

140 1020 246 1080 Votivd
258 1021 350 1096 paries
362 1020 467 1078 indicat
479 1023 565 1080 uvida

257 1100 439 1174 suspendisse
451 1104 558 1176 potenti

299 1178 476 1238 Vestimenta
487 1182 573 1239 maris
585 1180 658 1239 Deo.

412 1512 588 1572 CARMEN
608 1513 661 1574 VI.

413 1678 460 1726 AD
476 1678 655 1729 AGRIPPAM.

138 1829 173 1886 Se
175 1828 289 1906 jocosis
300 1830 428 1890 versibus
438 1839 548 1909 nutum,
567 1830 677 1891 bellicis
693 1828 846 1887 uirtutibus
863 1830 935 1889 cete·

318 1911 437 1970 brundis
449 1912 562 1971 minime
569 1929 671 1990 parem
683 1927 752 1968 esse.
880 1924 882 1929 ’

138 2071 346 2132 scnmnnrs
359 2074 447 2133 vano
460 2050 590 2150 testreet
603 2077 725 2134 nstrum

217 2151 326 2226 Victor,
339 2153 458 2215 Maeunii
472 2156 604 2213 carminis
618 2156 684 2213 alite
693 2156 711 2192 ⁴¹¹

137 2230 231 2299 Quam
244 2248 302 2289 rem
311 2250 422 2308 cunque
434 2236 521 2307 ferox,
530 2236 647 2293 navibus
656 2246 704 2293 aut
712 2231 801 2308 equis,

218 2311 314 2386 Miles,
322 2325 352 2369 te
361 2315 441 2387 duce,
450 2316 575 2390 gesserit.

138 2390 199 2450 Nos
201 2393 361 2469 Agrippa,
370 2411 459 2468 neque
472 2393 536 2451 haec
546 2395 647 2468 dicere,
656 2413 708 2452 nec
717 2408 830 2468 gravem
913 2400 932 2452 5

139 2471 246 2530 Pelidae
260 2473 435 2530 stomachum
448 2475 547 2532 cedere
556 2475 652 2547 nescii,

138 2551 199 2608 Nec
213 2571 307 2610 cursus
320 2551 438 2628 duplicis
450 2550 466 2607 i
479 2572 530 2629 per
545 2572 622 2612 mare
635 2550 762 2646 U'lyssei3

218 2629 279 2687 Nec
292 2651 399 2689 saevam
413 2630 525 2709 Pelopis
538 2636 663 2705 domum,

140 2709 292 2783 Cunamur,
305 2722 401 2769 tenues
414 2713 551 2788 grandia·
542 2754 552 2785 ‚
572 2713 638 2768 dum
652 2712 752 2786 pudor,

140 2788 320 2865 Imbellisque
332 2790 402 2864 lyrae
415 2791 499 2849 Musa
512 2802 610 2867 potens
624 2801 698 2846 vetat
894 2795 933 2848 10

163 2956 297 3102 :ffumlnis
306 2975 465 3085 Agerburyct
473 2971 700 3031 torrentesut
707 2970 783 3021 ultum.
791 2973 932 3021 Markland

261 3051 306 3084 wer
