2009 3334
118 328 215 387 Cornu
225 336 370 404 tympana,
382 342 446 402 quae
467 323 642 400 subsequitur
653 340 746 383 caeeus
758 340 839 403 urpor
850 308 914 400 eui,

116 409 157 472 Et
169 407 267 465 tullens
281 425 398 465 vacuum
410 403 474 481 plus
488 404 575 465 nimio
587 401 676 479 gloria
687 403 832 482 verticem,
866 411 910 465 15

116 482 277 564 Arcaniqu'e
289 486 360 547 tides
371 485 499 564 prodiga,
511 482 680 562 periucidior
691 485 773 544 vitro.

468 683 549 705 η

469 708 549 727 -ρυ-

362 839 545 904 CARMEN
564 839 651 901 XIX.

394 1008 442 1056 uu
459 986 624 1055 circuitu.

358 1159 397 1219 Se
408 1158 488 1218 illiue
499 1175 596 1217 aurore
608 1157 663 1216 uri.

114 1322 263 1385 MATER
276 1342 355 1385 saeva
367 1323 549 1403 Cupidinum,

154 1404 356 1481 Thebanaeque
365 1407 446 1481 jubet
459 1424 505 1464 me
519 1404 640 1465 Semeles
652 1420 732 1480 puer,

114 1484 153 1544 Et
167 1484 271 1545 lasciva
285 1485 396 1545 licentia
410 1516 413 1525 ‚
560 1544 562 1546 ,

153 1565 254 1625 Finitis
266 1567 389 1624 animum
402 1565 518 1623 reddere
529 1564 679 1622 amoribue

114 1643 178 1704 Urit
190 1664 236 1705 me
249 1645 381 1721 Glycerae
393 1646 477 1719 nitor,
880 1650 902 1704 5

154 1724 330 1804 splendentis
343 1724 429 1783 Pario
440 1739 580 1805 marmore
593 1722 712 1805 puriirs:

113 1804 178 1865 Urit
190 1817 270 1883 grata
282 1805 459 1882 protervitas,

153 1887 193 1944 Et
203 1886 295 1944 vultus
306 1886 421 1943 nimium
431 1883 554 1943 lubricus
566 1884 663 1962 aspici.

112 1965 147 2023 In
160 1984 205 2023 me
216 1976 277 2022 tota
288 1983 370 2023 ruens
383 1964 482 2024 Venus

154 2043 282 2120 Cyprum
295 2045 416 2101 deseruit
428 2061 438 2115 3
457 2060 510 2101 nec
522 2043 625 2118 patitur
638 2038 780 2119 Scythar,2
862 2046 903 2102 10

114 2121 154 2180 Et
168 2121 254 2179 versis
267 2124 423 2179 animosum
435 2123 514 2197 equis

153 2200 287 2260 Parthum
297 2202 401 2275 dicere3
410 2218 463 2259 nec
472 2218 536 2276 quae
546 2200 749 2265 nihiiattinent.
773 2224 778 2277 j

114 2280 174 2342 Hic
186 2282 282 2341 vivum
295 2280 363 2341 mihi
376 2282 522 2358 cespitem,
533 2280 582 2341 hic

154 2361 309 2439 verbenas,
319 2360 409 2440 pueri,
418 2361 525 2439 ponite,
535 2361 672 2441 thuraque
950 2430 957 2441 x

113 2443 189 2503 <nimi
202 2462 266 2502 curn
277 2442 374 2521 pareri
386 2440 474 2500 meri:
860 2448 902 2500 15

155 2522 280 2585 Mactata
292 2524 386 2584 veniet
396 2521 485 2583 leuior
496 2518 596 2583 hostii,
