2009 3334
485 217 559 289 104

122 360 245 421 Coratve
254 361 365 440 myrto?
386 376 469 434 quem
483 355 579 416 Venus
589 352 723 413 arbitrum
868 355 902 408 25

123 440 205 500 Dicet
218 442 350 500 bibendi?
372 437 436 496 Non
449 457 501 512 ego
513 435 610 493 soniis

161 521 324 581 Bocchabor
339 519 464 576 Edonis:
485 525 599 591 recepto

200 599 290 661 Dulce
299 600 367 658 mihi
377 598 466 656 furere
478 606 520 653 est
532 594 633 652 amico.
693 604 695 608 ’
723 665 727 672 .

473 803 555 843 ...⁸¹⁸¹-

371 968 546 1032 CARMEN
567 968 651 1028 VIII.

405 1138 452 1187 AD
466 1135 623 1185 BARINEN.

122 1291 191 1351 Non
210 1307 269 1351 erre
289 1308 341 1349 our
360 1289 387 1348 ci
401 1286 521 1367 jororrtr'
542 1284 694 1345 creantur:
714 1284 908 1361 formosorum

239 1370 312 1430 enim
319 1370 449 1449 perjurio
460 1372 480 1427 ὰ
493 1366 563 1427 Diis
574 1384 630 1423 nort
642 1363 790 1424 vindicari.

120 1536 232 1597 ULLA
246 1506 350 1617 ¹sijuris
360 1539 413 1596 tibi
427 1532 546 1614 pejerati

120 1617 221 1694 Poenn,
229 1618 341 1694 Borine,
352 1619 491 1676 nocuisset
499 1628 620 1685 unquam
632 1630 641 1683 3

119 1695 213 1757 Dente
225 1699 249 1755 si
261 1700 340 1775 nigro
352 1695 443 1769 fieres,
455 1695 500 1752 vel
514 1710 569 1751 uno

240 1777 364 1853 Turpior
376 1779 479 1853 ongui3

121 1855 292 1932 Crederem
311 1858 361 1915 sed
374 1869 402 1917 tu
416 1854 498 1914 simul
511 1851 639 1927 obligasti

121 1934 263 1993 Perfidurn
275 1938 347 1994 votis
357 1947 451 2012 caput,
463 1933 594 1994 enitescis

121 2011 266 2073 Pulchrior
278 2014 379 2090 multo,
387 2016 579 2091 juvenumque
593 2012 690 2091 pronis
744 2052 749 2061 ·

241 2091 441 2150 Publicanum.

121 2168 247 2251 Expedit
259 2172 355 2229 matris
364 2173 472 2228 clneres
482 2182 595 2247 opertos

120 2246 244 2327 Fallere,
256 2264 284 2310 et
296 2262 355 2310 toto
367 2249 506 2309 taciturna
516 2249 606 2309 noctis

123 2328 210 2410 Signa
217 2351 279 2390 cnm
292 2331 377 2406 eoelo,
386 2329 532 2406 gelidique
543 2330 634 2389 Divos

242 2411 335 2471 Morte
352 2421 487 2469 carentes.

122 2489 209 2552 Ridet
221 2492 285 2570 hoc,
297 2495 421 2570 inquam,
435 2490 532 2550 Venus
544 2493 624 2569 ipsa3
643 2492 734 2549 rident

124 2566 271 2648 Simplices
284 2571 440 2651 Nymphae,
452 2573 525 2629 ierus
539 2584 567 2629 et
580 2570 702 2648 Cupido,

68 2658 70 2667 “
124 2644 241 2724 Semper
253 2655 382 2711 ardentes
395 2669 496 2711 acuens
509 2651 624 2726 sagittas
877 2653 919 2709 15

245 2729 317 2787 Cote
328 2731 449 2790 cruenti.

122 2807 208 2867 Adde
219 2808 297 2883 quod
309 2812 397 2884 pubes
408 2811 459 2869 tibi
474 2806 574 2865 crescit
587 2808 692 2867 omnis:

110 2885 247 2945 ,Servitus
260 2888 359 2944 crescit
370 2908 460 2947 nova:
480 2905 532 2944 nec
546 2887 653 2963 priores

122 2962 226 3045 lmpiae
238 2975 341 3024 tectum
354 2967 476 3025 dominor
488 2964 655 3045 relinquunt,

243 3042 443 3122 Saepemnon.
820 3098 831 3112 ,
876 3051 921 3106 no
