2009 3334
405 104 410 108 ’
446 121 516 190 102

348 354 522 414 cuuuun
543 355 610 417 uu.
629 357 640 400 ²³
690 420 693 433 ‚

289 520 335 568 AD
351 520 527 569 POMPEIUM
540 513 683 572 'VARUntt

114 670 244 730 Amicum
255 670 311 729 stoi
323 689 360 729 ac
365 672 475 748 patrioe
486 675 655 734 restitutum
662 677 840 754 gratulatur.

79 835 108 894 Ο
124 834 233 895 SAEPE
248 855 358 894 mecum
374 847 484 912 tempus
497 839 526 896 io
539 839 666 899 ultimum

80 915 218 991 Deducte,
233 918 320 974 Bruto
333 916 442 974 militiae
456 919 538 993 duce,

119 995 191 1064 Quis
203 1008 231 1052 te
244 997 389 1054 redonavit
402 995 561 1063 Quiritem*

158 1076 214 1132 Dis
227 1076 334 1150 patriis,
348 1074 476 1150 Italoque
489 1078 575 1150 coelo,

1 1202 3 1205 ,
79 1154 207 1231 Pompei,
221 1173 346 1212 meorum
360 1155 451 1231 prime
464 1158 624 1215 sodalium?

78 1233 224 1313 Cumaquo
237 1245 393 1293 morantem
406 1254 485 1311 saepe
499 1237 573 1294 diem
587 1256 664 1294 mero

106 1312 141 1370 ,Γ
143 1315 213 1389 regi,
226 1326 375 1372 coronatus
388 1315 507 1374 nitentes

157 1392 338 1452 Malobathre
352 1393 434 1469 Syrio
447 1394 575 1470 capillos.
649 1416 653 1425 *

78 1470 188 1531 Tecum
202 1472 349 1551 Philippos
361 1487 389 1531 et
402 1474 520 1532 celerem
535 1476 629 1549 sugam

77 1550 167 1628 Sensi,
180 1553 279 1612 relicta
291 1573 348 1611 non
361 1553 594 1630 beneparmult13

116 1632 192 1690 Cum
208 1634 296 1691 tracta
309 1636 407 1706 virtus,
420 1644 448 1690 et
457 1633 585 1691 minaces

154 1712 254 1801 Turpe
266 1712 357 1771 solum
370 1712 487 1787 tetigere
500 1724 605 1771 mento.

76 1790 131 1849 Sed
145 1812 190 1850 me
203 1813 254 1868 per
266 1791 359 1850 hostes
373 1791 530 1850 Mercurius
545 1791 618 1850 celer

76 1870 175 1928 Denso
188 1884 336 1948 paventem
349 1871 461 1931 sustulit
473 1872 559 1947 alire3
648 1930 654 1939 .

116 1949 162 2007 Te
175 1970 271 2008 rursus
283 1953 312 2007 io
323 1951 430 2008 bellum
440 1952 586 2009 resorbens

154 2027 240 2085 Unda
252 2030 328 2086 fretis
341 2031 405 2087 tulit
415 2031 543 2087 aestuosis

74 2099 151 2184 Ergo
165 2107 315 2184 obligatam
328 2109 413 2164 redde
425 2108 490 2164 Jovi
503 2110 626 2184 dapem3

73 2187 229 2266 Longaque
242 2187 344 2244 sessum
357 2180 459 2244 militia
468 2187 541 2244 latus

113 2270 234 2345 Depone
246 2268 298 2325 sub
311 2266 390 2324 lauro
404 2285 485 2341 mea3
508 2284 559 2323 nec

155 2349 243 2408 Parce
256 2347 333 2405 cadis
346 2347 396 2403 tibi
409 2347 562 2404 destinatis.

74 2428 220 2486 Oblivioso
230 2430 315 2488 laevia
325 2426 450 2484 Massico

75 2509 192 2565 Ciboria
203 2510 304 2586 exple:
323 2508 407 2565 tunde
420 2508 572 2583 capacibus

99 2609 103 2621 ¹
114 2586 263 2660 Unguenta
277 2591 312 2645 de
324 2587 449 2646 conchis.
490 2587 563 2654 Quis
576 2574 632 2643 udo

154 2665 352 2742 Deproperare
366 2669 431 2743 apio
444 2685 572 2741 coronas,

272 2827 545 2886 Redonavitauirnum.
560 2826 698 2878 Moroilliuu.
731 2896 734 2901 Ι
781 2888 786 2895 x
