2009 3334
439 140 510 210 162

121 272 139 328 J
141 291 186 329 am
195 290 278 346 nuno,
290 286 319 331 et
328 275 448 332 incestos
461 294 569 332 amores

161 352 206 408 De
219 363 314 410 tenero
327 355 475 412 meditatur
482 355 575 430 ungui.

80 430 151 487 Mox
159 432 283 507 juniores
293 434 393 506 quaerit
402 434 550 506 adulteros,

80 509 156 567 Inter
168 512 260 570 mariti
269 514 353 587 vina3
373 531 461 587 neque
471 511 557 586 eligit,

81 596 83 599 '
119 589 174 647 Cui
187 593 289 651 donet*
301 593 475 669 impermissa
487 590 590 665 raptim

159 669 281 746 Gaudia,
291 670 437 729 luminibus
450 672 580 728 remotis:

81 750 134 805 Sed
141 751 221 826 jussa
232 771 327 809 eoram
340 771 395 808 non
404 751 463 807 siue
476 751 590 807 conscio

80 828 171 905 Surgit
184 831 300 903 marim3
320 850 368 888 seu
381 843 465 887 vocat
477 831 596 904 institor,

119 908 174 966 Seu
183 911 262 966 nam‘s
277 908 413 987 Hispaoae
427 911 567 985 magister,

159 989 336 1046 Dedecorum
349 991 487 1067 pretiosus
499 1000 617 1064 emptor.

78 1067 143 1137 Nou
156 1067 199 1125 his
207 1070 340 1144 juventus
353 1079 413 1127 orta
426 1068 586 1146 parentibus

80 1147 177 1204 Infecit
190 1166 287 1222 aequor
299 1150 430 1224 sanguiue
444 1148 560 1221 Punico,

118 1224 322 1301 Pyrrhumque,
334 1240 362 1285 et
374 1230 514 1302 ingentem
525 1225 627 1285 cecidit

63 1326 67 1333 ’
158 1305 340 1383 Antiochum,
349 1308 573 1379 Annibalemque
586 1308 693 1379 dirum3

80 1385 140 1449 Sed
148 1387 312 1443 rusticorum
325 1387 449 1445 mascula
462 1386 581 1445 militum

79 1461 185 1538 Proles,
199 1464 315 1523 Sabellis
329 1469 411 1525 docta
423 1467 560 1544 ligonibus

118 1541 238 1602 Versare
249 1545 356 1620 glebas,
368 1560 395 1604 et
403 1565 509 1604 severae

157 1624 259 1681 Matris
272 1627 307 1682 ad
320 1626 463 1683 arbitrium
473 1627 576 1683 recisos

80 1701 194 1760 Portare
204 1705 306 1776 sustes3
327 1705 370 1762 sol
382 1705 429 1765 ubi
439 1707 575 1763 montium

78 1780 202 1840 Mutaret
215 1785 338 1857 umbras,
350 1795 378 1841 et
384 1786 452 1861 juga
461 1787 582 1843 demeret

117 1860 212 1916 Bobus
225 1861 356 1938 fatigatio,
368 1865 489 1921 amicum

158 1937 286 2012 Tempus
298 1959 382 2015 agens
395 1946 514 2002 abeunte
525 1964 614 2003 curru.

80 2013 224 2069 Damuosu
236 2017 302 2087 quid
316 2037 371 2076 nou
385 2021 521 2078 imminuit
533 2025 614 2081 dies?

79 2091 159 2150 AEtas
169 2103 325 2167 parentum,
338 2099 418 2172 pejor
429 2101 501 2171 avis,
513 2101 576 2158 tulit

117 2170 178 2228 Nos
192 2170 346 2248 nequiores,
359 2190 425 2230 mox
437 2179 549 2235 daturos
620 2230 626 2239 ,

163 2249 327 2327 Progeniem
340 2253 519 2314 vitiosiorem.
614 2280 617 2287 ·

269 2431 281 2455 *
293 2430 437 2481 intermissa.
470 2434 608 2495 Improviiu.
