2009 3334
473 176 545 259 120

112 292 233 384 Evincit
244 316 352 397 ulmos}
371 335 430 383 turn
443 326 570 400 violaria,
581 337 609 384 et

109 405 230 481 Myrtus,
243 418 270 463 et
283 405 374 462 omnis
386 405 467 480 copia
481 406 599 479 narium,

149 482 285 562 Spargent
297 482 407 542 olivetis
419 485 544 557 odorem,

187 563 211 620 F
213 563 336 621 ertifrbus
349 565 464 621 domino
476 562 572 638 priori.
624 576 627 581 ’

107 639 182 700 Tum
196 642 286 719 spissa
299 645 383 699 ramis
397 641 490 698 laurea
504 642 626 720 fervidos
705 660 707 665 ·
803 713 806 720 ,

106 718 246 797 Excludet
258 721 356 778 ictus*
396 721 515 777 Nonita
527 720 641 778 Romuli

146 801 356 876 Praescriptmn,
368 809 396 857 et
408 801 510 858 intonsi
525 801 642 860 Catonis

144 880 147 887 ’
184 880 338 956 Auspiciis,
350 890 532 954 veterumque
545 882 651 939 normis.

104 959 231 1018 Privatus
244 952 299 1016 illis
312 975 410 1017 census
425 970 484 1017 erat
497 962 600 1034 brevis,

105 1039 262 1097 Commune
274 1053 424 1115 magnum:
444 1038 521 1097 nulia
534 1041 712 1118 decempedis

142 1119 250 1177 Metata
264 1120 382 1195 privatis
394 1135 514 1195 opacam
859 1126 896 1177 15

182 1198 307 1256 Porticus
320 1198 477 1272 excipiebat
491 1198 618 1256 Arcton:

101 1275 163 1335 Nec'
176 1278 317 1335 fortuitum
330 1294 459 1352 spernere
471 1277 607 1353 cespitem

101 1355 192 1431 Leges
206 1358 342 1431 sinebant,
356 1357 463 1433 oppida
476 1356 591 1434 publico

141 1436 260 1512 Sumptu
268 1438 410 1515 jubentes,
424 1447 451 1494 et
465 1436 591 1494 Deorum

181 1515 391 1594 Templa‘novo
406 1518 538 1574 decorare
549 1532 626 1574 saxo.

359 1710 534 1814 cannen
553 1752 636 1815 xvi.

370 1920 416 1968 Al)
432 1919 623 1970 GROSPHUM.

122 2065 298 2128 Felicitatem
309 2070 470 2131 ooi‘rcendie
481 2067 685 2150 cupiditatibus
697 2062 871 2146 comparari.

101 2234 237 2296 OTIUM
251 2233 341 2292 Divos
350 2234 429 2311 rogat
442 2239 470 2295 in
483 2240 590 2313 patenti

102 2312 237 2377 Prensusi
249 2313 361 2392 AEgaeo,
373 2316 456 2374 simul
468 2329 530 2375 atra
541 2321 628 2377 nubes

99 2395 231 2456 Condidit
244 2395 364 2470 Lunam,
376 2413 468 2470 neque
482 2409 559 2457 certa
571 2397 675 2472 fulgent

219 2476 316 2535 Sidera
329 2475 438 2534 nautis:

99 2552 196 2612 Otium
208 2555 281 2614 bello
294 2557 397 2615 furiosa
409 2554 534 2631 Thrace,

98 2631 197 2690 Otium
211 2634 287 2692 Medi
301 2637 430 2712 pharetra
442 2636 548 2709 decori,

99 2708 238 2788 Grospho,
252 2731 308 2771 uon
320 2717 447 2791 gemmis,
459 2731 549 2789 neque
561 2713 684 2790 purpura
697 2726 744 2768 ve·

216 2790 289 2864 nale,
302 2811 392 2868 neque
403 2813 480 2852 auro.

97 2862 162 2925 Non
171 2868 245 2926 enim
252 2887 341 2948 gezae,
348 2890 437 2950 neque
447 2869 599 2931 consulant

124 3024 142 3057 '⁸'
158 3031 277 3083 Excludet
288 3043 366 3084 estut.
