<?xml version="1.0" encoding="UTF-8"?>
<!DOCTYPE html PUBLIC "-//W3C//DTD XHTML 1.0 Transitional//EN"
    "http://www.w3.org/TR/xhtml1/DTD/xhtml1-transitional.dtd">
<html xmlns="http://www.w3.org/1999/xhtml" xml:lang="en" lang="en">
 <head>
  <title>
</title>
<meta http-equiv="Content-Type" content="text/html;charset=utf-8" />
  <meta name='ocr-system' content='tesseract 3.04.00' />
  <meta name='ocr-capabilities' content='ocr_page ocr_carea ocr_par ocr_line ocrx_word'/>
</head>
<body>
  <div class='ocr_page' id='page_1' title='image "./workshoracetran00frangoog_0124.png"; bbox 0 0 2009 3334; ppageno 0'>
   <div class='ocr_carea' id='block_1_1' title="bbox 436 228 506 299">
    <p class='ocr_par' dir='ltr' id='par_1_1' title="bbox 436 228 506 299">
     <span class='ocr_line' id='line_1_1' title="bbox 436 228 506 299; baseline -0.014 0"><span class='ocrx_word' id='word_1_1' title='bbox 436 228 506 299; x_wconf 82' lang='lat'>116</span> 
     </span>
    </p>
   </div>
   <div class='ocr_carea' id='block_1_2' title="bbox 73 367 896 1790">
    <p class='ocr_par' dir='ltr' id='par_1_2' title="bbox 73 367 896 1790">
     <span class='ocr_line' id='line_1_2' title="bbox 118 367 594 445; baseline -0.013 -19"><span class='ocrx_word' id='word_1_2' title='bbox 118 367 278 445; x_wconf 69' lang='lat' dir='ltr'>Sedesqne*</span> <span class='ocrx_word' id='word_1_3' title='bbox 287 367 420 425; x_wconf 87' lang='lat' dir='ltr'>discretas</span> <span class='ocrx_word' id='word_1_4' title='bbox 433 369 553 444; x_wconf 84' lang='lat' dir='ltr'>piorum,</span> <span class='ocrx_word' id='word_1_5' title='bbox 565 373 594 421; x_wconf 86' lang='lat' dir='ltr'>et</span> 
     </span>
     <span class='ocr_line' id='line_1_3' title="bbox 157 436 533 522; baseline -0.003 -19"><span class='ocrx_word' id='word_1_6' title='bbox 157 447 257 505; x_wconf 77' lang='lat' dir='ltr'>AEnliis</span> <span class='ocrx_word' id='word_1_7' title='bbox 267 436 367 505; x_wconf 80' lang='lat' dir='ltr'>fidibus</span> <span class='ocrx_word' id='word_1_8' title='bbox 375 459 533 522; x_wconf 86' lang='lat' dir='ltr'>querentem</span> 
     </span>
     <span class='ocr_line' id='line_1_4' title="bbox 80 526 561 603; baseline -0.006 -18"><span class='ocrx_word' id='word_1_9' title='bbox 80 526 194 603; x_wconf 78' lang='lat' dir='ltr'>Sappho</span> <span class='ocrx_word' id='word_1_10' title='bbox 206 526 305 601; x_wconf 82' lang='lat' dir='ltr'>puellis</span> <span class='ocrx_word' id='word_1_11' title='bbox 315 528 350 583; x_wconf 87' lang='lat' dir='ltr'>de</span> <span class='ocrx_word' id='word_1_12' title='bbox 362 526 541 603; x_wconf 87' lang='lat' dir='ltr'>popularibus</span> <span class='ocrx_word' id='word_1_13' title='bbox 552 543 561 597; x_wconf 85' lang='lat'>3</span> 
     </span>
     <span class='ocr_line' id='line_1_5' title="bbox 78 604 535 682; baseline -0.002 -21"><span class='ocrx_word' id='word_1_14' title='bbox 78 604 117 662; x_wconf 83' lang='lat' dir='ltr'>Et</span> <span class='ocrx_word' id='word_1_15' title='bbox 127 617 305 663; x_wconf 80' lang='lat' dir='ltr'>resonantem</span> <span class='ocrx_word' id='word_1_16' title='bbox 319 605 427 682; x_wconf 77' lang='lat' dir='ltr'>plenius</span> <span class='ocrx_word' id='word_1_17' title='bbox 440 623 535 680; x_wconf 83' lang='lat' dir='ltr'>aureo,</span> 
     </span>
     <span class='ocr_line' id='line_1_6' title="bbox 117 684 528 761; baseline -0.002 -20"><span class='ocrx_word' id='word_1_18' title='bbox 117 685 226 758; x_wconf 85' lang='lat' dir='ltr'>Alcaee,</span> <span class='ocrx_word' id='word_1_19' title='bbox 240 685 345 761; x_wconf 87' lang='lat' dir='ltr'>plectro</span> <span class='ocrx_word' id='word_1_20' title='bbox 356 687 424 742; x_wconf 87' lang='lat' dir='ltr'>dura</span> <span class='ocrx_word' id='word_1_21' title='bbox 437 684 528 759; x_wconf 85' lang='lat' dir='ltr'>navis,</span> 
     </span>
     <span class='ocr_line' id='line_1_7' title="bbox 156 760 679 840; baseline 0 -21"><span class='ocrx_word' id='word_1_22' title='bbox 156 764 234 821; x_wconf 89' lang='lat' dir='ltr'>Dura</span> <span class='ocrx_word' id='word_1_23' title='bbox 248 766 320 840; x_wconf 85' lang='lat' dir='ltr'>fugae</span> <span class='ocrx_word' id='word_1_24' title='bbox 334 763 417 837; x_wconf 83' lang='lat' dir='ltr'>mala,</span> <span class='ocrx_word' id='word_1_25' title='bbox 426 764 495 821; x_wconf 87' lang='lat' dir='ltr'>dura</span> <span class='ocrx_word' id='word_1_26' title='bbox 508 760 585 820; x_wconf 86' lang='lat' dir='ltr'>belli.</span> <span class='ocrx_word' id='word_1_27' title='bbox 672 824 679 836; x_wconf 11' lang='grc' dir='ltr'><strong>ἃ</strong></span> 
     </span>
     <span class='ocr_line' id='line_1_8' title="bbox 77 840 540 918; baseline 0.006 -20"><span class='ocrx_word' id='word_1_28' title='bbox 77 840 318 917; x_wconf 81' lang='lat' dir='ltr'>Utrumquesacrn</span> <span class='ocrx_word' id='word_1_29' title='bbox 331 843 416 918; x_wconf 84' lang='lat' dir='ltr'>digna</span> <span class='ocrx_word' id='word_1_30' title='bbox 427 842 540 901; x_wconf 86' lang='lat' dir='ltr'>silentio</span> 
     </span>
     <span class='ocr_line' id='line_1_9' title="bbox 75 919 869 997; baseline 0.005 -20"><span class='ocrx_word' id='word_1_31' title='bbox 75 919 214 980; x_wconf 78' lang='lat' dir='ltr'>Mirantur</span> <span class='ocrx_word' id='word_1_32' title='bbox 226 925 333 980; x_wconf 86' lang='lat' dir='ltr'>umbrae</span> <span class='ocrx_word' id='word_1_33' title='bbox 347 922 454 979; x_wconf 84' lang='lat' dir='ltr'>dicere:</span> <span class='ocrx_word' id='word_1_34' title='bbox 475 923 525 978; x_wconf 87' lang='lat' dir='ltr'>sed</span> <span class='ocrx_word' id='word_1_35' title='bbox 538 920 628 997; x_wconf 79' lang='lat' dir='ltr'>magis</span> <span class='ocrx_word' id='word_1_36' title='bbox 826 923 869 981; x_wconf 77' lang='lat'>80</span> 
     </span>
     <span class='ocr_line' id='line_1_10' title="bbox 115 1000 536 1076; baseline 0.002 -19"><span class='ocrx_word' id='word_1_37' title='bbox 115 1000 225 1076; x_wconf 81' lang='lat' dir='ltr'>Pugnas</span> <span class='ocrx_word' id='word_1_38' title='bbox 234 1012 264 1075; x_wconf 80' lang='lat' dir='ltr'>et</span> <span class='ocrx_word' id='word_1_39' title='bbox 276 1014 389 1058; x_wconf 86' lang='lat' dir='ltr'>exactos</span> <span class='ocrx_word' id='word_1_40' title='bbox 402 1012 536 1075; x_wconf 83' lang='lat' dir='ltr'>tyrannos</span> 
     </span>
     <span class='ocr_line' id='line_1_11' title="bbox 154 1076 704 1154; baseline 0.002 -20"><span class='ocrx_word' id='word_1_41' title='bbox 154 1078 294 1137; x_wconf 89' lang='lat' dir='ltr'>Densum†</span> <span class='ocrx_word' id='word_1_42' title='bbox 304 1080 426 1138; x_wconf 88' lang='lat' dir='ltr'>humeris</span> <span class='ocrx_word' id='word_1_43' title='bbox 439 1080 509 1137; x_wconf 81' lang='lat' dir='ltr'>bibit</span> <span class='ocrx_word' id='word_1_44' title='bbox 521 1096 588 1136; x_wconf 85' lang='lat' dir='ltr'>aure</span> <span class='ocrx_word' id='word_1_45' title='bbox 597 1076 704 1154; x_wconf 81' lang='lat' dir='ltr'>vulgus.</span> 
     </span>
     <span class='ocr_line' id='line_1_12' title="bbox 74 1156 726 1235; baseline -0.003 -19"><span class='ocrx_word' id='word_1_46' title='bbox 74 1156 152 1235; x_wconf 79' lang='lat' dir='ltr'>Quid</span> <span class='ocrx_word' id='word_1_47' title='bbox 162 1158 284 1217; x_wconf 85' lang='lat' dir='ltr'>mirum?</span> <span class='ocrx_word' id='word_1_48' title='bbox 305 1161 352 1216; x_wconf 90' lang='lat' dir='ltr'>ubi</span> <span class='ocrx_word' id='word_1_49' title='bbox 366 1158 420 1215; x_wconf 87' lang='lat' dir='ltr'>illis</span> <span class='ocrx_word' id='word_1_50' title='bbox 430 1159 599 1218; x_wconf 79' lang='lat' dir='ltr'>carminibus</span> <span class='ocrx_word' id='word_1_51' title='bbox 608 1167 726 1234; x_wconf 86' lang='lat' dir='ltr'>stupens</span> 
     </span>
     <span class='ocr_line' id='line_1_13' title="bbox 75 1233 550 1313; baseline 0.008 -22"><span class='ocrx_word' id='word_1_52' title='bbox 75 1233 205 1293; x_wconf 89' lang='lat' dir='ltr'>Demittit</span> <span class='ocrx_word' id='word_1_53' title='bbox 216 1249 291 1295; x_wconf 81' lang='lat' dir='ltr'>atras</span> <span class='ocrx_word' id='word_1_54' title='bbox 304 1238 395 1309; x_wconf 78' lang='lat' dir='ltr'>bellua</span> <span class='ocrx_word' id='word_1_55' title='bbox 408 1239 550 1313; x_wconf 83' lang='lat' dir='ltr'>centiceps</span> 
     </span>
     <span class='ocr_line' id='line_1_14' title="bbox 114 1315 869 1395; baseline 0.003 -24"><span class='ocrx_word' id='word_1_56' title='bbox 114 1315 217 1385; x_wconf 79' lang='lat' dir='ltr'>Aures,</span> <span class='ocrx_word' id='word_1_57' title='bbox 229 1329 257 1375; x_wconf 88' lang='lat' dir='ltr'>et</span> <span class='ocrx_word' id='word_1_58' title='bbox 270 1317 364 1376; x_wconf 88' lang='lat' dir='ltr'>intorti</span> <span class='ocrx_word' id='word_1_59' title='bbox 377 1318 486 1395; x_wconf 81' lang='lat' dir='ltr'>capillis</span> <span class='ocrx_word' id='word_1_60' title='bbox 828 1320 869 1373; x_wconf 82' lang='lat'>35</span> 
     </span>
     <span class='ocr_line' id='line_1_15' title="bbox 154 1393 896 1473; baseline 0.004 -22"><span class='ocrx_word' id='word_1_61' title='bbox 154 1393 341 1455; x_wconf 82' lang='lat' dir='ltr'>Eumenidum</span> <span class='ocrx_word' id='word_1_62' title='bbox 355 1408 514 1455; x_wconf 82' lang='lat' dir='ltr'>recreantur</span> <span class='ocrx_word' id='word_1_63' title='bbox 523 1415 646 1473; x_wconf 82' lang='lat' dir='ltr'>angues:</span> <span class='ocrx_word' id='word_1_64' title='bbox 887 1404 896 1411; x_wconf 73' lang='grc'><em>“</em></span> 
     </span>
     <span class='ocr_line' id='line_1_16' title="bbox 73 1471 677 1551; baseline 0.003 -21"><span class='ocrx_word' id='word_1_65' title='bbox 73 1472 151 1538; x_wconf 80' lang='lat' dir='ltr'>Quin</span> <span class='ocrx_word' id='word_1_66' title='bbox 164 1485 192 1533; x_wconf 88' lang='lat' dir='ltr'>et</span> <span class='ocrx_word' id='word_1_67' title='bbox 206 1471 396 1549; x_wconf 82' lang='lat' dir='ltr'>Prometheus,</span> <span class='ocrx_word' id='word_1_68' title='bbox 409 1489 437 1534; x_wconf 84' lang='lat' dir='ltr'>et</span> <span class='ocrx_word' id='word_1_69' title='bbox 450 1476 562 1551; x_wconf 86' lang='lat' dir='ltr'>Pelopis</span> <span class='ocrx_word' id='word_1_70' title='bbox 575 1492 677 1551; x_wconf 87' lang='lat' dir='ltr'>parens</span> 
     </span>
     <span class='ocr_line' id='line_1_17' title="bbox 76 1550 567 1631; baseline 0.004 -21"><span class='ocrx_word' id='word_1_71' title='bbox 76 1550 160 1610; x_wconf 85' lang='lat' dir='ltr'>Dulci</span> <span class='ocrx_word' id='word_1_72' title='bbox 173 1553 316 1631; x_wconf 74' lang='lat' dir='ltr'>laborum1</span> <span class='ocrx_word' id='word_1_73' title='bbox 329 1556 466 1630; x_wconf 86' lang='lat' dir='ltr'>decipitur</span> <span class='ocrx_word' id='word_1_74' title='bbox 478 1574 567 1614; x_wconf 87' lang='lat' dir='ltr'>sono:</span> 
     </span>
     <span class='ocr_line' id='line_1_18' title="bbox 118 1630 477 1706; baseline 0.003 -17"><span class='ocrx_word' id='word_1_75' title='bbox 118 1630 178 1690; x_wconf 87' lang='lat' dir='ltr'>Nec</span> <span class='ocrx_word' id='word_1_76' title='bbox 187 1643 266 1690; x_wconf 84' lang='lat' dir='ltr'>curat</span> <span class='ocrx_word' id='word_1_77' title='bbox 276 1631 365 1691; x_wconf 87' lang='lat' dir='ltr'>Orion</span> <span class='ocrx_word' id='word_1_78' title='bbox 372 1633 477 1706; x_wconf 83' lang='lat' dir='ltr'>leones,</span> 
     </span>
     <span class='ocr_line' id='line_1_19' title="bbox 155 1711 575 1790; baseline 0.005 -20"><span class='ocrx_word' id='word_1_79' title='bbox 155 1712 213 1770; x_wconf 85' lang='lat' dir='ltr'>Aut</span> <span class='ocrx_word' id='word_1_80' title='bbox 223 1711 336 1770; x_wconf 88' lang='lat' dir='ltr'>timidos</span> <span class='ocrx_word' id='word_1_81' title='bbox 348 1712 453 1790; x_wconf 81' lang='lat' dir='ltr'>agitare</span> <span class='ocrx_word' id='word_1_82' title='bbox 466 1712 575 1790; x_wconf 85' lang='lat' dir='ltr'>lyncas.</span> 
     </span>
    </p>
   </div>
   <div class='ocr_carea' id='block_1_3' title="bbox 212 1997 615 2193">
    <p class='ocr_par' dir='ltr' id='par_1_3' title="bbox 212 1997 615 2193">
     <span class='ocr_line' id='line_1_20' title="bbox 328 1997 610 2062; baseline 0.014 -6"><span class='ocrx_word' id='word_1_83' title='bbox 328 1997 503 2059; x_wconf 86' lang='lat' dir='ltr'><strong>CARMEN</strong></span> <span class='ocrx_word' id='word_1_84' title='bbox 525 2000 610 2062; x_wconf 86' lang='lat' dir='ltr'><strong>XIV.</strong></span> 
     </span>
     <span class='ocr_line' id='line_1_21' title="bbox 212 2138 615 2193; baseline 0.017 -7"><span class='ocrx_word' id='word_1_85' title='bbox 212 2152 225 2163; x_wconf 53' lang='lat'><strong><em>³</em></strong></span> <span class='ocrx_word' id='word_1_86' title='bbox 332 2138 379 2187; x_wconf 79' lang='lat' dir='ltr'>AD</span> <span class='ocrx_word' id='word_1_87' title='bbox 394 2140 615 2193; x_wconf 76' lang='lat' dir='ltr'>POSTHUMUM.</span> 
     </span>
    </p>
   </div>
   <div class='ocr_carea' id='block_1_4' title="bbox 78 2244 870 2425">
    <p class='ocr_par' dir='ltr' id='par_1_4' title="bbox 78 2244 870 2425">
     <span class='ocr_line' id='line_1_22' title="bbox 78 2244 870 2346; baseline 0.003 -22"><span class='ocrx_word' id='word_1_88' title='bbox 78 2261 139 2324; x_wconf 83' lang='lat' dir='ltr'>Nec</span> <span class='ocrx_word' id='word_1_89' title='bbox 150 2266 239 2327; x_wconf 75' lang='lat' dir='ltr'>vitari</span> <span class='ocrx_word' id='word_1_90' title='bbox 250 2274 365 2327; x_wconf 80' lang='lat' dir='ltr'>mortem</span> <span class='ocrx_word' id='word_1_91' title='bbox 380 2288 477 2346; x_wconf 77' lang='lat' dir='ltr'>ponne,</span> <span class='ocrx_word' id='word_1_92' title='bbox 489 2289 541 2330; x_wconf 83' lang='lat' dir='ltr'>nec</span> <span class='ocrx_word' id='word_1_93' title='bbox 556 2244 704 2331; x_wconf 69' lang='lat' dir='ltr'>retardari</span> <span class='ocrx_word' id='word_1_94' title='bbox 713 2289 726 2341; x_wconf 90' lang='lat'>,·</span> <span class='ocrx_word' id='word_1_95' title='bbox 747 2266 870 2344; x_wconf 58' lang='lat' dir='ltr'>aaran,</span> 
     </span>
     <span class='ocr_line' id='line_1_23' title="bbox 204 2345 741 2425; baseline 0.006 -21"><span class='ocrx_word' id='word_1_96' title='bbox 204 2345 271 2404; x_wconf 82' lang='lat' dir='ltr'>dum</span> <span class='ocrx_word' id='word_1_97' title='bbox 281 2348 411 2425; x_wconf 76' lang='lat' dir='ltr'>nivinus,</span> <span class='ocrx_word' id='word_1_98' title='bbox 424 2349 585 2410; x_wconf 79' lang='lat' dir='ltr'>liberaliter</span> <span class='ocrx_word' id='word_1_99' title='bbox 596 2350 741 2409; x_wconf 72' lang='lat' dir='ltr'>utendum.</span> 
     </span>
    </p>
   </div>
   <div class='ocr_carea' id='block_1_5' title="bbox 78 2485 873 2888">
    <p class='ocr_par' dir='ltr' id='par_1_5' title="bbox 78 2485 873 2888">
     <span class='ocr_line' id='line_1_24' title="bbox 80 2485 714 2570; baseline 0.017 -29"><span class='ocrx_word' id='word_1_100' title='bbox 80 2485 215 2545; x_wconf 86' lang='lat' dir='ltr'><strong>EHEU!</strong></span> <span class='ocrx_word' id='word_1_101' title='bbox 237 2490 360 2566; x_wconf 53' lang='lat' dir='ltr'>fugaces</span> <span class='ocrx_word' id='word_1_102' title='bbox 372 2489 537 2569; x_wconf 83' lang='lat' dir='ltr'>Posthume,</span> <span class='ocrx_word' id='word_1_103' title='bbox 549 2491 714 2570; x_wconf 55' lang='lat' dir='ltr'>Postbuma</span> 
     </span>
     <span class='ocr_line' id='line_1_25' title="bbox 81 2563 623 2647; baseline 0.03 -28"><span class='ocrx_word' id='word_1_104' title='bbox 81 2563 228 2625; x_wconf 82' lang='lat' dir='ltr'>Labuntur</span> <span class='ocrx_word' id='word_1_105' title='bbox 239 2571 305 2627; x_wconf 87' lang='lat' dir='ltr'>anni</span> <span class='ocrx_word' id='word_1_106' title='bbox 319 2589 326 2628; x_wconf 74' lang='grc' dir='ltr'><strong><em>ε</em></strong></span> <span class='ocrx_word' id='word_1_107' title='bbox 346 2588 398 2629; x_wconf 88' lang='lat' dir='ltr'>nec</span> <span class='ocrx_word' id='word_1_108' title='bbox 411 2572 501 2647; x_wconf 82' lang='lat' dir='ltr'>pietas</span> <span class='ocrx_word' id='word_1_109' title='bbox 514 2592 623 2635; x_wconf 82' lang='lat' dir='ltr'>moram</span> 
     </span>
     <span class='ocr_line' id='line_1_26' title="bbox 119 2639 506 2717; baseline 0.034 -20"><span class='ocrx_word' id='word_1_110' title='bbox 119 2639 209 2717; x_wconf 83' lang='lat' dir='ltr'>Rugis</span> <span class='ocrx_word' id='word_1_111' title='bbox 217 2657 245 2703; x_wconf 92' lang='lat' dir='ltr'>et</span> <span class='ocrx_word' id='word_1_112' title='bbox 259 2647 371 2708; x_wconf 69' lang='lat' dir='ltr'>instanti</span> <span class='ocrx_word' id='word_1_113' title='bbox 384 2663 506 2709; x_wconf 85' lang='lat' dir='ltr'>senectae</span> 
     </span>
     <span class='ocr_line' id='line_1_27' title="bbox 159 2720 591 2805; baseline 0.028 -28"><span class='ocrx_word' id='word_1_114' title='bbox 159 2720 277 2798; x_wconf 80' lang='lat' dir='ltr'>Afferet,</span> <span class='ocrx_word' id='word_1_115' title='bbox 286 2727 487 2805; x_wconf 72' lang='lat' dir='ltr'>indomitaeque</span> <span class='ocrx_word' id='word_1_116' title='bbox 497 2731 591 2789; x_wconf 87' lang='lat' dir='ltr'>morti.</span> 
     </span>
     <span class='ocr_line' id='line_1_28' title="bbox 78 2792 873 2888; baseline 0.031 -35"><span class='ocrx_word' id='word_1_117' title='bbox 78 2792 157 2873; x_wconf 88' lang='lat' dir='ltr'>Non,</span> <span class='ocrx_word' id='word_1_118' title='bbox 168 2800 193 2856; x_wconf 93' lang='lat' dir='ltr'>si</span> <span class='ocrx_word' id='word_1_119' title='bbox 207 2805 335 2879; x_wconf 83' lang='lat' dir='ltr'>trecenis,</span> <span class='ocrx_word' id='word_1_120' title='bbox 348 2818 482 2884; x_wconf 83' lang='lat' dir='ltr'>quotquot</span> <span class='ocrx_word' id='word_1_121' title='bbox 494 2820 562 2868; x_wconf 88' lang='lat' dir='ltr'>eunt</span> <span class='ocrx_word' id='word_1_122' title='bbox 574 2811 646 2888; x_wconf 87' lang='lat' dir='ltr'>dies,</span> <span class='ocrx_word' id='word_1_123' title='bbox 855 2818 873 2871; x_wconf 79' lang='grc'><strong>5</strong></span> 
     </span>
    </p>
   </div>
   <div class='ocr_carea' id='block_1_6' title="bbox 75 2937 697 3121">
    <p class='ocr_par' dir='ltr' id='par_1_6' title="bbox 75 2937 697 3121">
     <span class='ocr_line' id='line_1_29' title="bbox 114 2937 522 3008; baseline 0.032 -23"><span class='ocrx_word' id='word_1_124' title='bbox 114 2937 127 2961; x_wconf 78' lang='grc'><strong>“</strong></span> <span class='ocrx_word' id='word_1_125' title='bbox 138 2937 260 3003; x_wconf 83' lang='lat' dir='ltr'>Sedesque</span> <span class='ocrx_word' id='word_1_126' title='bbox 271 2943 406 3006; x_wconf 75' lang='lat' dir='ltr'>descriptas</span> <span class='ocrx_word' id='word_1_127' title='bbox 418 2948 522 3008; x_wconf 84' lang='lat' dir='ltr'>piorum.</span> 
     </span>
     <span class='ocr_line' id='line_1_30' title="bbox 75 2995 697 3071; baseline 0.037 -30"><span class='ocrx_word' id='word_1_128' title='bbox 75 3019 81 3041; x_wconf 84' lang='lat' dir='ltr'>t</span> <span class='ocrx_word' id='word_1_129' title='bbox 114 2995 332 3055; x_wconf 83' lang='lat' dir='ltr'>lDemnrnbilari.</span> <span class='ocrx_word' id='word_1_130' title='bbox 366 3009 448 3062; x_wconf 68' lang='lat' dir='ltr'>Heius.</span> <span class='ocrx_word' id='word_1_131' title='bbox 481 3011 583 3071; x_wconf 75' lang='lat' dir='ltr'>Humili.</span> <span class='ocrx_word' id='word_1_132' title='bbox 617 3013 697 3066; x_wconf 73' lang='lat' dir='ltr'>amet.</span> 
     </span>
     <span class='ocr_line' id='line_1_31' title="bbox 77 3063 373 3121; baseline 0.034 -12"><span class='ocrx_word' id='word_1_133' title='bbox 77 3064 80 3077; x_wconf 77' lang='lat'>¹</span> <span class='ocrx_word' id='word_1_134' title='bbox 114 3063 261 3120; x_wconf 58' lang='lat' dir='ltr'>{Laborem</span> <span class='ocrx_word' id='word_1_135' title='bbox 295 3069 373 3121; x_wconf 75' lang='lat' dir='ltr'>Btnll.</span> 
     </span>
    </p>
   </div>
   <div class='ocr_carea' id='block_1_7' title="bbox 0 0 1010 3334">
    <p class='ocr_par' dir='ltr' id='par_1_7' title="bbox 0 0 1010 3334">
     <span class='ocr_line' id='line_1_32' title="bbox 0 0 1010 3334; baseline 0 6"><span class='ocrx_word' id='word_1_136' title='bbox 0 0 1010 3334; x_wconf 95' lang='lat' dir='ltr'> </span> 
     </span>
    </p>
   </div>
  </div>
 </body>
</html>
